%YAML 1.1
%TAG !u! tag:unity3d.com,2011:
--- !u!1 &126702
GameObject:
  m_ObjectHideFlags: 1
  m_PrefabParentObject: {fileID: 0}
  m_PrefabInternal: {fileID: 100100000}
  serializedVersion: 4
  m_Component:
  - 4: {fileID: 415996}
  - 33: {fileID: 3397056}
  - 23: {fileID: 2371376}
  - 114: {fileID: 11409620}
  m_Layer: 15
  m_Name: aaplane_stand
  m_TagString: Untagged
  m_Icon: {fileID: 0}
  m_NavMeshLayer: 0
  m_StaticEditorFlags: 0
  m_IsActive: 1
--- !u!1 &138170
GameObject:
  m_ObjectHideFlags: 1
  m_PrefabParentObject: {fileID: 0}
  m_PrefabInternal: {fileID: 100100000}
  serializedVersion: 4
  m_Component:
  - 4: {fileID: 493640}
  - 33: {fileID: 3318156}
  - 23: {fileID: 2387084}
  - 114: {fileID: 11409732}
  m_Layer: 15
  m_Name: aaplane_stand
  m_TagString: Untagged
  m_Icon: {fileID: 0}
  m_NavMeshLayer: 0
  m_StaticEditorFlags: 0
  m_IsActive: 1
--- !u!1 &141124
GameObject:
  m_ObjectHideFlags: 1
  m_PrefabParentObject: {fileID: 0}
  m_PrefabInternal: {fileID: 100100000}
  serializedVersion: 4
  m_Component:
  - 4: {fileID: 438698}
  m_Layer: 15
  m_Name: 2
  m_TagString: Untagged
  m_Icon: {fileID: 0}
  m_NavMeshLayer: 0
  m_StaticEditorFlags: 0
  m_IsActive: 1
--- !u!1 &141284
GameObject:
  m_ObjectHideFlags: 1
  m_PrefabParentObject: {fileID: 0}
  m_PrefabInternal: {fileID: 100100000}
  serializedVersion: 4
  m_Component:
  - 4: {fileID: 439786}
  - 114: {fileID: 11409558}
  m_Layer: 15
  m_Name: 1
  m_TagString: Untagged
  m_Icon: {fileID: 0}
  m_NavMeshLayer: 0
  m_StaticEditorFlags: 0
  m_IsActive: 1
--- !u!1 &146982
GameObject:
  m_ObjectHideFlags: 1
  m_PrefabParentObject: {fileID: 0}
  m_PrefabInternal: {fileID: 100100000}
  serializedVersion: 4
  m_Component:
  - 4: {fileID: 488474}
  - 198: {fileID: 19819156}
  - 199: {fileID: 19961816}
  m_Layer: 15
  m_Name: GameObject
  m_TagString: Untagged
  m_Icon: {fileID: 0}
  m_NavMeshLayer: 0
  m_StaticEditorFlags: 0
  m_IsActive: 1
--- !u!1 &147658
GameObject:
  m_ObjectHideFlags: 1
  m_PrefabParentObject: {fileID: 0}
  m_PrefabInternal: {fileID: 100100000}
  serializedVersion: 4
  m_Component:
  - 4: {fileID: 441946}
  - 33: {fileID: 3350972}
  - 23: {fileID: 2349254}
  - 114: {fileID: 11492118}
  m_Layer: 15
  m_Name: eye_hjh_t_ptc_00
  m_TagString: Untagged
  m_Icon: {fileID: 0}
  m_NavMeshLayer: 0
  m_StaticEditorFlags: 0
  m_IsActive: 1
--- !u!1 &148460
GameObject:
  m_ObjectHideFlags: 0
  m_PrefabParentObject: {fileID: 0}
  m_PrefabInternal: {fileID: 100100000}
  serializedVersion: 4
  m_Component:
  - 4: {fileID: 402282}
  - 114: {fileID: 11422536}
  m_Layer: 15
  m_Name: fx_tianxinge_skilld
  m_TagString: Untagged
  m_Icon: {fileID: 0}
  m_NavMeshLayer: 0
  m_StaticEditorFlags: 0
  m_IsActive: 1
--- !u!1 &155352
GameObject:
  m_ObjectHideFlags: 1
  m_PrefabParentObject: {fileID: 0}
  m_PrefabInternal: {fileID: 100100000}
  serializedVersion: 4
  m_Component:
  - 4: {fileID: 430902}
  - 33: {fileID: 3342704}
  - 23: {fileID: 2370806}
  - 114: {fileID: 11453046}
  m_Layer: 15
  m_Name: eye_hjh_t_ptc_00
  m_TagString: Untagged
  m_Icon: {fileID: 0}
  m_NavMeshLayer: 0
  m_StaticEditorFlags: 0
  m_IsActive: 1
--- !u!1 &161540
GameObject:
  m_ObjectHideFlags: 1
  m_PrefabParentObject: {fileID: 0}
  m_PrefabInternal: {fileID: 100100000}
  serializedVersion: 4
  m_Component:
  - 4: {fileID: 446892}
  m_Layer: 15
  m_Name: GameObject
  m_TagString: Untagged
  m_Icon: {fileID: 0}
  m_NavMeshLayer: 0
  m_StaticEditorFlags: 0
  m_IsActive: 1
--- !u!1 &162704
GameObject:
  m_ObjectHideFlags: 1
  m_PrefabParentObject: {fileID: 0}
  m_PrefabInternal: {fileID: 100100000}
  serializedVersion: 4
  m_Component:
  - 4: {fileID: 414474}
  - 33: {fileID: 3352624}
  - 23: {fileID: 2351566}
  - 114: {fileID: 11422930}
  - 114: {fileID: 11495548}
  m_Layer: 15
  m_Name: aaplane_1
  m_TagString: Untagged
  m_Icon: {fileID: 0}
  m_NavMeshLayer: 0
  m_StaticEditorFlags: 0
  m_IsActive: 1
--- !u!1 &167212
GameObject:
  m_ObjectHideFlags: 1
  m_PrefabParentObject: {fileID: 0}
  m_PrefabInternal: {fileID: 100100000}
  serializedVersion: 4
  m_Component:
  - 4: {fileID: 456064}
  m_Layer: 15
  m_Name: GameObject
  m_TagString: Untagged
  m_Icon: {fileID: 0}
  m_NavMeshLayer: 0
  m_StaticEditorFlags: 0
  m_IsActive: 1
--- !u!1 &169548
GameObject:
  m_ObjectHideFlags: 1
  m_PrefabParentObject: {fileID: 0}
  m_PrefabInternal: {fileID: 100100000}
  serializedVersion: 4
  m_Component:
  - 4: {fileID: 439242}
  - 33: {fileID: 3385494}
  - 23: {fileID: 2358340}
  - 114: {fileID: 11409720}
  m_Layer: 15
  m_Name: eye_hjh_t_ptc_00
  m_TagString: Untagged
  m_Icon: {fileID: 0}
  m_NavMeshLayer: 0
  m_StaticEditorFlags: 0
  m_IsActive: 1
--- !u!1 &175284
GameObject:
  m_ObjectHideFlags: 1
  m_PrefabParentObject: {fileID: 0}
  m_PrefabInternal: {fileID: 100100000}
  serializedVersion: 4
  m_Component:
  - 4: {fileID: 421798}
  - 198: {fileID: 19870806}
  - 199: {fileID: 19949950}
  m_Layer: 15
  m_Name: GameObject
  m_TagString: Untagged
  m_Icon: {fileID: 0}
  m_NavMeshLayer: 0
  m_StaticEditorFlags: 0
  m_IsActive: 1
--- !u!1 &176984
GameObject:
  m_ObjectHideFlags: 1
  m_PrefabParentObject: {fileID: 0}
  m_PrefabInternal: {fileID: 100100000}
  serializedVersion: 4
  m_Component:
  - 4: {fileID: 464140}
  m_Layer: 15
  m_Name: GameObject
  m_TagString: Untagged
  m_Icon: {fileID: 0}
  m_NavMeshLayer: 0
  m_StaticEditorFlags: 0
  m_IsActive: 1
--- !u!1 &178430
GameObject:
  m_ObjectHideFlags: 1
  m_PrefabParentObject: {fileID: 0}
  m_PrefabInternal: {fileID: 100100000}
  serializedVersion: 4
  m_Component:
  - 4: {fileID: 483532}
  m_Layer: 15
  m_Name: 3
  m_TagString: Untagged
  m_Icon: {fileID: 0}
  m_NavMeshLayer: 0
  m_StaticEditorFlags: 0
  m_IsActive: 1
--- !u!1 &180136
GameObject:
  m_ObjectHideFlags: 1
  m_PrefabParentObject: {fileID: 0}
  m_PrefabInternal: {fileID: 100100000}
  serializedVersion: 4
  m_Component:
  - 4: {fileID: 488964}
  - 33: {fileID: 3316818}
  - 23: {fileID: 2338256}
  - 114: {fileID: 11473502}
  - 114: {fileID: 11486044}
  m_Layer: 15
  m_Name: aaplane_1
  m_TagString: Untagged
  m_Icon: {fileID: 0}
  m_NavMeshLayer: 0
  m_StaticEditorFlags: 0
  m_IsActive: 1
--- !u!1 &182034
GameObject:
  m_ObjectHideFlags: 1
  m_PrefabParentObject: {fileID: 0}
  m_PrefabInternal: {fileID: 100100000}
  serializedVersion: 4
  m_Component:
  - 4: {fileID: 404702}
  - 33: {fileID: 3338112}
  - 23: {fileID: 2384158}
  - 114: {fileID: 11491458}
  m_Layer: 15
  m_Name: eye_hjh_t_ptc_00
  m_TagString: Untagged
  m_Icon: {fileID: 0}
  m_NavMeshLayer: 0
  m_StaticEditorFlags: 0
  m_IsActive: 1
--- !u!1 &182210
GameObject:
  m_ObjectHideFlags: 0
  m_PrefabParentObject: {fileID: 0}
  m_PrefabInternal: {fileID: 100100000}
  serializedVersion: 4
  m_Component:
  - 4: {fileID: 441652}
  m_Layer: 15
  m_Name: fx_tianxinge_skilld
  m_TagString: Untagged
  m_Icon: {fileID: 0}
  m_NavMeshLayer: 0
  m_StaticEditorFlags: 0
  m_IsActive: 1
--- !u!1 &199184
GameObject:
  m_ObjectHideFlags: 1
  m_PrefabParentObject: {fileID: 0}
  m_PrefabInternal: {fileID: 100100000}
  serializedVersion: 4
  m_Component:
  - 4: {fileID: 445720}
  - 33: {fileID: 3394670}
  - 23: {fileID: 2342046}
  - 114: {fileID: 11417320}
  m_Layer: 15
  m_Name: aaplane_stand
  m_TagString: Untagged
  m_Icon: {fileID: 0}
  m_NavMeshLayer: 0
  m_StaticEditorFlags: 0
  m_IsActive: 1
--- !u!4 &402282
Transform:
  m_ObjectHideFlags: 1
  m_PrefabParentObject: {fileID: 0}
  m_PrefabInternal: {fileID: 100100000}
  m_GameObject: {fileID: 148460}
  m_LocalRotation: {x: 0, y: 0, z: 0, w: 1}
  m_LocalPosition: {x: 0, y: 0, z: 0}
  m_LocalScale: {x: 1, y: 1, z: 1}
  m_Children:
  - {fileID: 441652}
  m_Father: {fileID: 0}
  m_RootOrder: 0
--- !u!4 &404702
Transform:
  m_ObjectHideFlags: 1
  m_PrefabParentObject: {fileID: 0}
  m_PrefabInternal: {fileID: 100100000}
  m_GameObject: {fileID: 182034}
  m_LocalRotation: {x: .707106829, y: 0, z: 0, w: -.707106829}
  m_LocalPosition: {x: 0, y: .120605469, z: 0}
  m_LocalScale: {x: .0496457368, y: .0496457368, z: .0260555316}
  m_Children: []
  m_Father: {fileID: 438698}
  m_RootOrder: 0
--- !u!4 &414474
Transform:
  m_ObjectHideFlags: 1
  m_PrefabParentObject: {fileID: 0}
  m_PrefabInternal: {fileID: 100100000}
  m_GameObject: {fileID: 162704}
  m_LocalRotation: {x: 0, y: 0, z: 0, w: 1}
  m_LocalPosition: {x: 0, y: 0, z: 0}
  m_LocalScale: {x: 3.10942936, y: 3.10942936, z: 3.10942936}
  m_Children: []
  m_Father: {fileID: 464140}
  m_RootOrder: 0
--- !u!4 &415996
Transform:
  m_ObjectHideFlags: 1
  m_PrefabParentObject: {fileID: 0}
  m_PrefabInternal: {fileID: 100100000}
  m_GameObject: {fileID: 126702}
  m_LocalRotation: {x: 0, y: 0, z: 0, w: 1}
  m_LocalPosition: {x: 0, y: .927734375, z: 1.06445312}
  m_LocalScale: {x: 3.82099724, y: 3.82099748, z: 3.82099748}
  m_Children: []
  m_Father: {fileID: 456064}
  m_RootOrder: 0
--- !u!4 &421798
Transform:
  m_ObjectHideFlags: 1
  m_PrefabParentObject: {fileID: 0}
  m_PrefabInternal: {fileID: 100100000}
  m_GameObject: {fileID: 175284}
  m_LocalRotation: {x: .70710659, y: 0, z: 0, w: -.707106948}
  m_LocalPosition: {x: 0, y: 0, z: 0}
  m_LocalScale: {x: 1, y: 1, z: 1}
  m_Children: []
  m_Father: {fileID: 439786}
  m_RootOrder: 0
--- !u!4 &430902
Transform:
  m_ObjectHideFlags: 1
  m_PrefabParentObject: {fileID: 0}
  m_PrefabInternal: {fileID: 100100000}
  m_GameObject: {fileID: 155352}
  m_LocalRotation: {x: -.517716825, y: -.481631964, z: -.481631964, w: .517716825}
  m_LocalPosition: {x: 0, y: .120605469, z: 0}
  m_LocalScale: {x: .0456240326, y: .0456240326, z: .0239448193}
  m_Children: []
  m_Father: {fileID: 438698}
  m_RootOrder: 2
--- !u!4 &438698
Transform:
  m_ObjectHideFlags: 1
  m_PrefabParentObject: {fileID: 0}
  m_PrefabInternal: {fileID: 100100000}
  m_GameObject: {fileID: 141124}
  m_LocalRotation: {x: 0, y: 0, z: 0, w: 1}
  m_LocalPosition: {x: 0, y: 0, z: 0}
  m_LocalScale: {x: 1, y: 1, z: 1}
  m_Children:
  - {fileID: 404702}
  - {fileID: 439242}
  - {fileID: 430902}
  m_Father: {fileID: 441652}
  m_RootOrder: 1
--- !u!4 &439242
Transform:
  m_ObjectHideFlags: 1
  m_PrefabParentObject: {fileID: 0}
  m_PrefabInternal: {fileID: 100100000}
  m_GameObject: {fileID: 169548}
  m_LocalRotation: {x: -1.1520229e-07, y: -.707106948, z: -.70710659, w: 1.15202347e-07}
  m_LocalPosition: {x: 0, y: .450683594, z: 0}
  m_LocalScale: {x: .0552463904, y: .0552463904, z: .0399996862}
  m_Children: []
  m_Father: {fileID: 438698}
  m_RootOrder: 1
--- !u!4 &439786
Transform:
  m_ObjectHideFlags: 1
  m_PrefabParentObject: {fileID: 0}
  m_PrefabInternal: {fileID: 100100000}
  m_GameObject: {fileID: 141284}
  m_LocalRotation: {x: 0, y: 0, z: 0, w: 1}
  m_LocalPosition: {x: .020275116, y: .560546875, z: 0}
  m_LocalScale: {x: 1, y: 1, z: 1}
  m_Children:
  - {fileID: 421798}
  - {fileID: 488474}
  m_Father: {fileID: 441652}
  m_RootOrder: 0
--- !u!4 &441652
Transform:
  m_ObjectHideFlags: 1
  m_PrefabParentObject: {fileID: 0}
  m_PrefabInternal: {fileID: 100100000}
  m_GameObject: {fileID: 182210}
  m_LocalRotation: {x: -.173648223, y: 0, z: 0, w: .984807789}
  m_LocalPosition: {x: 0, y: 0, z: 0}
  m_LocalScale: {x: 1, y: 1, z: 1}
  m_Children:
  - {fileID: 439786}
  - {fileID: 438698}
  - {fileID: 446892}
  - {fileID: 464140}
  - {fileID: 456064}
  - {fileID: 483532}
  m_Father: {fileID: 402282}
  m_RootOrder: 0
--- !u!4 &441946
Transform:
  m_ObjectHideFlags: 1
  m_PrefabParentObject: {fileID: 0}
  m_PrefabInternal: {fileID: 100100000}
  m_GameObject: {fileID: 147658}
  m_LocalRotation: {x: .795158565, y: 0, z: 0, w: -.606401563}
  m_LocalPosition: {x: 0, y: .898925781, z: 0}
  m_LocalScale: {x: .0445570275, y: .0445570275, z: .0140657928}
  m_Children: []
  m_Father: {fileID: 483532}
  m_RootOrder: 0
--- !u!4 &445720
Transform:
  m_ObjectHideFlags: 1
  m_PrefabParentObject: {fileID: 0}
  m_PrefabInternal: {fileID: 100100000}
  m_GameObject: {fileID: 199184}
  m_LocalRotation: {x: .707106829, y: 0, z: 0, w: .707106709}
  m_LocalPosition: {x: 0, y: 0, z: 0}
  m_LocalScale: {x: 3.06682825, y: 3.06682825, z: 3.06682825}
  m_Children: []
  m_Father: {fileID: 446892}
  m_RootOrder: 1
--- !u!4 &446892
Transform:
  m_ObjectHideFlags: 1
  m_PrefabParentObject: {fileID: 0}
  m_PrefabInternal: {fileID: 100100000}
  m_GameObject: {fileID: 161540}
  m_LocalRotation: {x: 0, y: 0, z: 0, w: 1}
  m_LocalPosition: {x: 0, y: 0, z: 0}
  m_LocalScale: {x: 1, y: 1, z: 1}
  m_Children:
  - {fileID: 488964}
  - {fileID: 445720}
  m_Father: {fileID: 441652}
  m_RootOrder: 2
--- !u!4 &456064
Transform:
  m_ObjectHideFlags: 1
  m_PrefabParentObject: {fileID: 0}
  m_PrefabInternal: {fileID: 100100000}
  m_GameObject: {fileID: 167212}
  m_LocalRotation: {x: 0, y: 0, z: 0, w: 1}
  m_LocalPosition: {x: 0, y: 0, z: 0}
  m_LocalScale: {x: 1, y: 1, z: 1}
  m_Children:
  - {fileID: 415996}
  m_Father: {fileID: 441652}
  m_RootOrder: 4
--- !u!4 &464140
Transform:
  m_ObjectHideFlags: 1
  m_PrefabParentObject: {fileID: 0}
  m_PrefabInternal: {fileID: 100100000}
  m_GameObject: {fileID: 176984}
  m_LocalRotation: {x: 0, y: 0, z: 0, w: 1}
  m_LocalPosition: {x: 0, y: 0, z: 0}
  m_LocalScale: {x: 1, y: 1, z: 1}
  m_Children:
  - {fileID: 414474}
  - {fileID: 493640}
  m_Father: {fileID: 441652}
  m_RootOrder: 3
--- !u!4 &483532
Transform:
  m_ObjectHideFlags: 1
  m_PrefabParentObject: {fileID: 0}
  m_PrefabInternal: {fileID: 100100000}
  m_GameObject: {fileID: 178430}
  m_LocalRotation: {x: 0, y: 0, z: 0, w: 1}
  m_LocalPosition: {x: 0, y: 0, z: 0}
  m_LocalScale: {x: 1, y: 1, z: 1}
  m_Children:
  - {fileID: 441946}
  m_Father: {fileID: 441652}
  m_RootOrder: 5
--- !u!4 &488474
Transform:
  m_ObjectHideFlags: 1
  m_PrefabParentObject: {fileID: 0}
  m_PrefabInternal: {fileID: 100100000}
  m_GameObject: {fileID: 146982}
  m_LocalRotation: {x: .70710659, y: 0, z: 0, w: -.707106948}
  m_LocalPosition: {x: 0, y: 0, z: 0}
  m_LocalScale: {x: 1, y: 1, z: 1}
  m_Children: []
  m_Father: {fileID: 439786}
  m_RootOrder: 1
--- !u!4 &488964
Transform:
  m_ObjectHideFlags: 1
  m_PrefabParentObject: {fileID: 0}
  m_PrefabInternal: {fileID: 100100000}
  m_GameObject: {fileID: 180136}
  m_LocalRotation: {x: 0, y: 0, z: 0, w: 1}
  m_LocalPosition: {x: 0, y: 0, z: 0}
  m_LocalScale: {x: 2.63244319, y: 2.63244319, z: 2.63244319}
  m_Children: []
  m_Father: {fileID: 446892}
  m_RootOrder: 0
--- !u!4 &493640
Transform:
  m_ObjectHideFlags: 1
  m_PrefabParentObject: {fileID: 0}
  m_PrefabInternal: {fileID: 100100000}
  m_GameObject: {fileID: 138170}
  m_LocalRotation: {x: 0, y: 0, z: 0, w: 1}
  m_LocalPosition: {x: 0, y: .927734315, z: -.113037109}
  m_LocalScale: {x: 1.58612216, y: 1.58612216, z: 1.58612216}
  m_Children: []
  m_Father: {fileID: 464140}
  m_RootOrder: 1
--- !u!23 &2338256
MeshRenderer:
  m_ObjectHideFlags: 1
  m_PrefabParentObject: {fileID: 0}
  m_PrefabInternal: {fileID: 100100000}
  m_GameObject: {fileID: 180136}
  m_Enabled: 1
  m_CastShadows: 1
  m_ReceiveShadows: 1
  m_Materials:
  - {fileID: 2100000, guid: f3047da3f2a57e448ae3afb7a664bb00, type: 2}
  m_SubsetIndices: 
  m_StaticBatchRoot: {fileID: 0}
  m_UseLightProbes: 0
  m_ReflectionProbeUsage: 1
  m_ProbeAnchor: {fileID: 0}
  m_ScaleInLightmap: 1
  m_PreserveUVs: 0
  m_ImportantGI: 0
  m_AutoUVMaxDistance: .5
  m_AutoUVMaxAngle: 89
  m_LightmapParameters: {fileID: 0}
  m_SortingLayerID: 0
  m_SortingOrder: 0
--- !u!23 &2342046
MeshRenderer:
  m_ObjectHideFlags: 1
  m_PrefabParentObject: {fileID: 0}
  m_PrefabInternal: {fileID: 100100000}
  m_GameObject: {fileID: 199184}
  m_Enabled: 1
  m_CastShadows: 1
  m_ReceiveShadows: 1
  m_Materials:
  - {fileID: 2100000, guid: cc703e66dac9e9b449940e29a5a796b0, type: 2}
  m_SubsetIndices: 
  m_StaticBatchRoot: {fileID: 0}
  m_UseLightProbes: 0
  m_ReflectionProbeUsage: 1
  m_ProbeAnchor: {fileID: 0}
  m_ScaleInLightmap: 1
  m_PreserveUVs: 0
  m_ImportantGI: 0
  m_AutoUVMaxDistance: .5
  m_AutoUVMaxAngle: 89
  m_LightmapParameters: {fileID: 0}
  m_SortingLayerID: 0
  m_SortingOrder: 0
--- !u!23 &2349254
MeshRenderer:
  m_ObjectHideFlags: 1
  m_PrefabParentObject: {fileID: 0}
  m_PrefabInternal: {fileID: 100100000}
  m_GameObject: {fileID: 147658}
  m_Enabled: 1
  m_CastShadows: 1
  m_ReceiveShadows: 1
  m_Materials:
  - {fileID: 2100000, guid: 362fa029a80257e4f8bfa99748a317b5, type: 2}
  m_SubsetIndices: 
  m_StaticBatchRoot: {fileID: 0}
  m_UseLightProbes: 0
  m_ReflectionProbeUsage: 1
  m_ProbeAnchor: {fileID: 0}
  m_ScaleInLightmap: 1
  m_PreserveUVs: 0
  m_ImportantGI: 0
  m_AutoUVMaxDistance: .5
  m_AutoUVMaxAngle: 89
  m_LightmapParameters: {fileID: 0}
  m_SortingLayerID: 0
  m_SortingOrder: 0
--- !u!23 &2351566
MeshRenderer:
  m_ObjectHideFlags: 1
  m_PrefabParentObject: {fileID: 0}
  m_PrefabInternal: {fileID: 100100000}
  m_GameObject: {fileID: 162704}
  m_Enabled: 1
  m_CastShadows: 1
  m_ReceiveShadows: 1
  m_Materials:
  - {fileID: 2100000, guid: 9b411501426c65f4f8fa8dac4d36e616, type: 2}
  m_SubsetIndices: 
  m_StaticBatchRoot: {fileID: 0}
  m_UseLightProbes: 0
  m_ReflectionProbeUsage: 1
  m_ProbeAnchor: {fileID: 0}
  m_ScaleInLightmap: 1
  m_PreserveUVs: 0
  m_ImportantGI: 0
  m_AutoUVMaxDistance: .5
  m_AutoUVMaxAngle: 89
  m_LightmapParameters: {fileID: 0}
  m_SortingLayerID: 0
  m_SortingOrder: 0
--- !u!23 &2358340
MeshRenderer:
  m_ObjectHideFlags: 1
  m_PrefabParentObject: {fileID: 0}
  m_PrefabInternal: {fileID: 100100000}
  m_GameObject: {fileID: 169548}
  m_Enabled: 1
  m_CastShadows: 1
  m_ReceiveShadows: 1
  m_Materials:
  - {fileID: 2100000, guid: d199af813947fb042a01c6ddb7d8bb96, type: 2}
  m_SubsetIndices: 
  m_StaticBatchRoot: {fileID: 0}
  m_UseLightProbes: 0
  m_ReflectionProbeUsage: 1
  m_ProbeAnchor: {fileID: 0}
  m_ScaleInLightmap: 1
  m_PreserveUVs: 0
  m_ImportantGI: 0
  m_AutoUVMaxDistance: .5
  m_AutoUVMaxAngle: 89
  m_LightmapParameters: {fileID: 0}
  m_SortingLayerID: 0
  m_SortingOrder: 0
--- !u!23 &2370806
MeshRenderer:
  m_ObjectHideFlags: 1
  m_PrefabParentObject: {fileID: 0}
  m_PrefabInternal: {fileID: 100100000}
  m_GameObject: {fileID: 155352}
  m_Enabled: 1
  m_CastShadows: 1
  m_ReceiveShadows: 1
  m_Materials:
  - {fileID: 2100000, guid: ee668ea703645f64c8c97f627680384c, type: 2}
  m_SubsetIndices: 
  m_StaticBatchRoot: {fileID: 0}
  m_UseLightProbes: 0
  m_ReflectionProbeUsage: 1
  m_ProbeAnchor: {fileID: 0}
  m_ScaleInLightmap: 1
  m_PreserveUVs: 0
  m_ImportantGI: 0
  m_AutoUVMaxDistance: .5
  m_AutoUVMaxAngle: 89
  m_LightmapParameters: {fileID: 0}
  m_SortingLayerID: 0
  m_SortingOrder: 0
--- !u!23 &2371376
MeshRenderer:
  m_ObjectHideFlags: 1
  m_PrefabParentObject: {fileID: 0}
  m_PrefabInternal: {fileID: 100100000}
  m_GameObject: {fileID: 126702}
  m_Enabled: 1
  m_CastShadows: 1
  m_ReceiveShadows: 1
  m_Materials:
  - {fileID: 2100000, guid: 33e29c93e21671349928c36fe5667a07, type: 2}
  m_SubsetIndices: 
  m_StaticBatchRoot: {fileID: 0}
  m_UseLightProbes: 0
  m_ReflectionProbeUsage: 1
  m_ProbeAnchor: {fileID: 0}
  m_ScaleInLightmap: 1
  m_PreserveUVs: 0
  m_ImportantGI: 0
  m_AutoUVMaxDistance: .5
  m_AutoUVMaxAngle: 89
  m_LightmapParameters: {fileID: 0}
  m_SortingLayerID: 0
  m_SortingOrder: 0
--- !u!23 &2384158
MeshRenderer:
  m_ObjectHideFlags: 1
  m_PrefabParentObject: {fileID: 0}
  m_PrefabInternal: {fileID: 100100000}
  m_GameObject: {fileID: 182034}
  m_Enabled: 1
  m_CastShadows: 1
  m_ReceiveShadows: 1
  m_Materials:
  - {fileID: 2100000, guid: d199af813947fb042a01c6ddb7d8bb96, type: 2}
  m_SubsetIndices: 
  m_StaticBatchRoot: {fileID: 0}
  m_UseLightProbes: 0
  m_ReflectionProbeUsage: 1
  m_ProbeAnchor: {fileID: 0}
  m_ScaleInLightmap: 1
  m_PreserveUVs: 0
  m_ImportantGI: 0
  m_AutoUVMaxDistance: .5
  m_AutoUVMaxAngle: 89
  m_LightmapParameters: {fileID: 0}
  m_SortingLayerID: 0
  m_SortingOrder: 0
--- !u!23 &2387084
MeshRenderer:
  m_ObjectHideFlags: 1
  m_PrefabParentObject: {fileID: 0}
  m_PrefabInternal: {fileID: 100100000}
  m_GameObject: {fileID: 138170}
  m_Enabled: 1
  m_CastShadows: 1
  m_ReceiveShadows: 1
  m_Materials:
  - {fileID: 2100000, guid: cc703e66dac9e9b449940e29a5a796b0, type: 2}
  m_SubsetIndices: 
  m_StaticBatchRoot: {fileID: 0}
  m_UseLightProbes: 0
  m_ReflectionProbeUsage: 1
  m_ProbeAnchor: {fileID: 0}
  m_ScaleInLightmap: 1
  m_PreserveUVs: 0
  m_ImportantGI: 0
  m_AutoUVMaxDistance: .5
  m_AutoUVMaxAngle: 89
  m_LightmapParameters: {fileID: 0}
  m_SortingLayerID: 0
  m_SortingOrder: 0
--- !u!33 &3316818
MeshFilter:
  m_ObjectHideFlags: 1
  m_PrefabParentObject: {fileID: 0}
  m_PrefabInternal: {fileID: 100100000}
  m_GameObject: {fileID: 180136}
  m_Mesh: {fileID: 4300000, guid: b2133c94cc8b080498d1ab3638be50f7, type: 3}
--- !u!33 &3318156
MeshFilter:
  m_ObjectHideFlags: 1
  m_PrefabParentObject: {fileID: 0}
  m_PrefabInternal: {fileID: 100100000}
  m_GameObject: {fileID: 138170}
  m_Mesh: {fileID: 4300000, guid: b060b3a4be360674cbbb599bd4475265, type: 3}
--- !u!33 &3338112
MeshFilter:
  m_ObjectHideFlags: 1
  m_PrefabParentObject: {fileID: 0}
  m_PrefabInternal: {fileID: 100100000}
  m_GameObject: {fileID: 182034}
  m_Mesh: {fileID: 4300000, guid: 237702e0887e4b74ca839768b5c72811, type: 3}
--- !u!33 &3342704
MeshFilter:
  m_ObjectHideFlags: 1
  m_PrefabParentObject: {fileID: 0}
  m_PrefabInternal: {fileID: 100100000}
  m_GameObject: {fileID: 155352}
  m_Mesh: {fileID: 4300000, guid: 237702e0887e4b74ca839768b5c72811, type: 3}
--- !u!33 &3350972
MeshFilter:
  m_ObjectHideFlags: 1
  m_PrefabParentObject: {fileID: 0}
  m_PrefabInternal: {fileID: 100100000}
  m_GameObject: {fileID: 147658}
  m_Mesh: {fileID: 4300000, guid: 237702e0887e4b74ca839768b5c72811, type: 3}
--- !u!33 &3352624
MeshFilter:
  m_ObjectHideFlags: 1
  m_PrefabParentObject: {fileID: 0}
  m_PrefabInternal: {fileID: 100100000}
  m_GameObject: {fileID: 162704}
  m_Mesh: {fileID: 4300000, guid: b2133c94cc8b080498d1ab3638be50f7, type: 3}
--- !u!33 &3385494
MeshFilter:
  m_ObjectHideFlags: 1
  m_PrefabParentObject: {fileID: 0}
  m_PrefabInternal: {fileID: 100100000}
  m_GameObject: {fileID: 169548}
  m_Mesh: {fileID: 4300000, guid: 237702e0887e4b74ca839768b5c72811, type: 3}
--- !u!33 &3394670
MeshFilter:
  m_ObjectHideFlags: 1
  m_PrefabParentObject: {fileID: 0}
  m_PrefabInternal: {fileID: 100100000}
  m_GameObject: {fileID: 199184}
  m_Mesh: {fileID: 4300000, guid: b060b3a4be360674cbbb599bd4475265, type: 3}
--- !u!33 &3397056
MeshFilter:
  m_ObjectHideFlags: 1
  m_PrefabParentObject: {fileID: 0}
  m_PrefabInternal: {fileID: 100100000}
  m_GameObject: {fileID: 126702}
  m_Mesh: {fileID: 4300000, guid: b060b3a4be360674cbbb599bd4475265, type: 3}
--- !u!114 &11409558
MonoBehaviour:
  m_ObjectHideFlags: 1
  m_PrefabParentObject: {fileID: 0}
  m_PrefabInternal: {fileID: 100100000}
  m_GameObject: {fileID: 141284}
  m_Enabled: 0
  m_EditorHideFlags: 0
  m_Script: {fileID: 11500000, guid: 92d0dba4615c71d45bdbfd7c49b539ca, type: 3}
  m_Name: 
  m_EditorClassIdentifier: 
  m_fUserTag: 0
  m_OnEndAniFunction: OnEndAnimation
  m_CurveInfoList:
  - m_bEnabled: 1
    m_CurveName: 
    m_AniCurve:
      serializedVersion: 2
      m_Curve:
      - time: 0
        value: 0
        inSlope: 3.62246656
        outSlope: 3.62246656
        tangentMode: 0
      - time: .358175695
        value: .890836358
        inSlope: .180974603
        outSlope: .180974603
        tangentMode: 0
      - time: .66647768
        value: .119521499
        inSlope: -1.40758109
        outSlope: -1.40758109
        tangentMode: 0
      - time: 1
        value: .959361374
        inSlope: 5.85725641
        outSlope: 5.85725641
        tangentMode: 0
      m_PreInfinity: 2
      m_PostInfinity: 2
    m_ApplyType: 1
    m_bApplyOption: 01000000
    m_bRecursively: 0
    m_fValueScale: -6
    m_FromColor: {x: 1, y: 1, z: 1, w: 1}
    m_ToColor: {x: 1, y: 1, z: 1, w: 0}
    m_nTag: 0
    m_nSortGroup: 0
    m_OriginalValue: {x: 0, y: 0, z: 0, w: 0}
    m_BeforeValue: {x: 0, y: 0, z: 0, w: 0}
    m_ChildOriginalColorValues: []
    m_ChildBeforeColorValues: []
  - m_bEnabled: 0
    m_CurveName: 
    m_AniCurve:
      serializedVersion: 2
      m_Curve:
      - time: 0
        value: -.251572311
        inSlope: 0
        outSlope: 0
        tangentMode: 0
      - time: .611319304
        value: .790688872
        inSlope: 1.87489831
        outSlope: 1.87489831
        tangentMode: 0
      - time: 1
        value: 1
        inSlope: .473354459
        outSlope: .473354459
        tangentMode: 0
      m_PreInfinity: 2
      m_PostInfinity: 2
    m_ApplyType: 1
    m_bApplyOption: 00010001
    m_bRecursively: 0
    m_fValueScale: 1.5
    m_FromColor: {x: 1, y: 1, z: 1, w: 1}
    m_ToColor: {x: 1, y: 1, z: 1, w: 0}
    m_nTag: 0
    m_nSortGroup: 0
    m_OriginalValue: {x: 0, y: 0, z: 0, w: 0}
    m_BeforeValue: {x: 0, y: 0, z: 0, w: 0}
    m_ChildOriginalColorValues: []
    m_ChildBeforeColorValues: []
  - m_bEnabled: 1
    m_CurveName: 
    m_AniCurve:
      serializedVersion: 2
      m_Curve:
      - time: 0
        value: -.0062892437
        inSlope: 3.12824583
        outSlope: 5.66270399
        tangentMode: 1
      - time: .179020941
        value: .930817664
        inSlope: -.228655502
        outSlope: -.228655502
        tangentMode: 0
      - time: .597744107
        value: -.786871135
        inSlope: .122398913
        outSlope: .122398913
        tangentMode: 0
      - time: 1
        value: .0062892139
        inSlope: 2.62316322
        outSlope: -2.92818475
        tangentMode: 1
      m_PreInfinity: 2
      m_PostInfinity: 2
    m_ApplyType: 1
    m_bApplyOption: 00000101
    m_bRecursively: 0
    m_fValueScale: 2
    m_FromColor: {x: 1, y: 1, z: 1, w: 1}
    m_ToColor: {x: 1, y: 1, z: 1, w: 0}
    m_nTag: 0
    m_nSortGroup: 0
    m_OriginalValue: {x: 0, y: 0, z: 0, w: 0}
    m_BeforeValue: {x: 0, y: 0, z: 0, w: 0}
    m_ChildOriginalColorValues: []
    m_ChildBeforeColorValues: []
  m_fDelayTime: .600000024
  m_fDurationTime: .400000006
  m_bAutoDestruct: 0
  m_fAddElapsedTime: 0
--- !u!114 &11409620
MonoBehaviour:
  m_ObjectHideFlags: 1
  m_PrefabParentObject: {fileID: 0}
  m_PrefabInternal: {fileID: 100100000}
  m_GameObject: {fileID: 126702}
  m_Enabled: 1
  m_EditorHideFlags: 0
  m_Script: {fileID: 11500000, guid: 92d0dba4615c71d45bdbfd7c49b539ca, type: 3}
  m_Name: 
  m_EditorClassIdentifier: 
  m_fUserTag: 0
  m_OnEndAniFunction: OnEndAnimation
  m_CurveInfoList:
  - m_bEnabled: 1
    m_CurveName: 
    m_AniCurve:
      serializedVersion: 2
      m_Curve:
      - time: 0
        value: 1
        inSlope: 0
        outSlope: -.704402506
        tangentMode: 21
      - time: 1
        value: .295597494
        inSlope: -.704402506
        outSlope: 0
        tangentMode: 21
      m_PreInfinity: 2
      m_PostInfinity: 2
    m_ApplyType: 3
    m_bApplyOption: 01010101
    m_bRecursively: 0
    m_fValueScale: 1.5
    m_FromColor: {x: 1, y: 1, z: 1, w: 1}
    m_ToColor: {x: 1, y: 1, z: 1, w: 0}
    m_nTag: 0
    m_nSortGroup: 0
    m_OriginalValue: {x: 0, y: 0, z: 0, w: 0}
    m_BeforeValue: {x: 0, y: 0, z: 0, w: 0}
    m_ChildOriginalColorValues: []
    m_ChildBeforeColorValues: []
  - m_bEnabled: 1
    m_CurveName: 
    m_AniCurve:
      serializedVersion: 2
      m_Curve:
      - time: 0
        value: 0
        inSlope: 0
        outSlope: 0
        tangentMode: 0
      - time: .562454343
        value: .223401189
        inSlope: .937432051
        outSlope: .937432051
        tangentMode: 0
      - time: 1
        value: 1
        inSlope: 2
        outSlope: 2
        tangentMode: 0
      m_PreInfinity: 2
      m_PostInfinity: 2
    m_ApplyType: 6
    m_bApplyOption: 01010101
    m_bRecursively: 0
    m_fValueScale: 1
    m_FromColor: {x: 0, y: .24437125, z: .448529422, w: 1}
    m_ToColor: {x: .0735085756, y: .0647167042, z: .139705896, w: .294117659}
    m_nTag: 0
    m_nSortGroup: 0
    m_OriginalValue: {x: 0, y: 0, z: 0, w: 0}
    m_BeforeValue: {x: 0, y: 0, z: 0, w: 0}
    m_ChildOriginalColorValues: []
    m_ChildBeforeColorValues: []
  m_fDelayTime: .699999988
  m_fDurationTime: 1
  m_bAutoDestruct: 1
  m_fAddElapsedTime: 0
--- !u!114 &11409720
MonoBehaviour:
  m_ObjectHideFlags: 1
  m_PrefabParentObject: {fileID: 0}
  m_PrefabInternal: {fileID: 100100000}
  m_GameObject: {fileID: 169548}
  m_Enabled: 1
  m_EditorHideFlags: 0
  m_Script: {fileID: 11500000, guid: 92d0dba4615c71d45bdbfd7c49b539ca, type: 3}
  m_Name: 
  m_EditorClassIdentifier: 
  m_fUserTag: 0
  m_OnEndAniFunction: OnEndAnimation
  m_CurveInfoList:
  - m_bEnabled: 1
    m_CurveName: 
    m_AniCurve:
      serializedVersion: 2
      m_Curve:
      - time: 0
        value: 0
        inSlope: 0
        outSlope: 1
        tangentMode: 0
      - time: 1
        value: 1
        inSlope: 1
        outSlope: 0
        tangentMode: 0
      m_PreInfinity: 2
      m_PostInfinity: 2
    m_ApplyType: 2
    m_bApplyOption: 00000100
    m_bRecursively: 0
    m_fValueScale: 300
    m_FromColor: {x: 1, y: 1, z: 1, w: 1}
    m_ToColor: {x: 1, y: 1, z: 1, w: 0}
    m_nTag: 0
    m_nSortGroup: 0
    m_OriginalValue: {x: 0, y: 0, z: 0, w: 0}
    m_BeforeValue: {x: 0, y: 0, z: 0, w: 0}
    m_ChildOriginalColorValues: []
    m_ChildBeforeColorValues: []
  - m_bEnabled: 1
    m_CurveName: 
    m_AniCurve:
      serializedVersion: 2
      m_Curve:
      - time: 0
        value: 0
        inSlope: 0
        outSlope: .968413651
        tangentMode: 17
      - time: .410737067
        value: .397763371
        inSlope: 1.6545012
        outSlope: 1.6545012
        tangentMode: 0
      - time: .758498847
        value: 1
        inSlope: 1.73175049
        outSlope: -0
        tangentMode: 21
      - time: 1
        value: 1
        inSlope: 0
        outSlope: 0
        tangentMode: 21
      m_PreInfinity: 2
      m_PostInfinity: 2
    m_ApplyType: 6
    m_bApplyOption: 00000001
    m_bRecursively: 0
    m_fValueScale: 2
    m_FromColor: {x: .932555676, y: .301470578, z: 1, w: .525490224}
    m_ToColor: {x: .397414744, y: .0802876204, z: .727941155, w: 0}
    m_nTag: 0
    m_nSortGroup: 0
    m_OriginalValue: {x: 0, y: 0, z: 0, w: 0}
    m_BeforeValue: {x: 0, y: 0, z: 0, w: 0}
    m_ChildOriginalColorValues: []
    m_ChildBeforeColorValues: []
  - m_bEnabled: 1
    m_CurveName: 
    m_AniCurve:
      serializedVersion: 2
      m_Curve:
      - time: 0
        value: 0
        inSlope: -.836538315
        outSlope: -.836538315
        tangentMode: 10
      - time: 1
        value: -.836538315
        inSlope: -.836538315
        outSlope: -.836538315
        tangentMode: 10
      m_PreInfinity: 2
      m_PostInfinity: 2
    m_ApplyType: 3
    m_bApplyOption: 01010101
    m_bRecursively: 0
    m_fValueScale: .5
    m_FromColor: {x: .174750194, y: .0838559568, z: .242647052, w: 1}
    m_ToColor: {x: .0128027573, y: .00129757903, z: .0588235259, w: .984313726}
    m_nTag: 0
    m_nSortGroup: 0
    m_OriginalValue: {x: 0, y: 0, z: 0, w: 0}
    m_BeforeValue: {x: 0, y: 0, z: 0, w: 0}
    m_ChildOriginalColorValues: []
    m_ChildBeforeColorValues: []
  m_fDelayTime: .600000024
  m_fDurationTime: .699999988
  m_bAutoDestruct: 1
  m_fAddElapsedTime: 0
--- !u!114 &11409732
MonoBehaviour:
  m_ObjectHideFlags: 1
  m_PrefabParentObject: {fileID: 0}
  m_PrefabInternal: {fileID: 100100000}
  m_GameObject: {fileID: 138170}
  m_Enabled: 1
  m_EditorHideFlags: 0
  m_Script: {fileID: 11500000, guid: 92d0dba4615c71d45bdbfd7c49b539ca, type: 3}
  m_Name: 
  m_EditorClassIdentifier: 
  m_fUserTag: 0
  m_OnEndAniFunction: OnEndAnimation
  m_CurveInfoList:
  - m_bEnabled: 1
    m_CurveName: 
    m_AniCurve:
      serializedVersion: 2
      m_Curve:
      - time: 0
        value: 0
        inSlope: 4.18640804
        outSlope: 4.18640804
        tangentMode: 0
      - time: .168467477
        value: .635369956
        inSlope: 1.10298395
        outSlope: 1.10298395
        tangentMode: 0
      - time: 1
        value: 1
        inSlope: 0
        outSlope: 0
        tangentMode: 0
      m_PreInfinity: 2
      m_PostInfinity: 2
    m_ApplyType: 3
    m_bApplyOption: 01010101
    m_bRecursively: 0
    m_fValueScale: 1.5
    m_FromColor: {x: 1, y: 1, z: 1, w: 1}
    m_ToColor: {x: 1, y: 1, z: 1, w: 0}
    m_nTag: 0
    m_nSortGroup: 0
    m_OriginalValue: {x: 0, y: 0, z: 0, w: 0}
    m_BeforeValue: {x: 0, y: 0, z: 0, w: 0}
    m_ChildOriginalColorValues: []
    m_ChildBeforeColorValues: []
  - m_bEnabled: 1
    m_CurveName: 
    m_AniCurve:
      serializedVersion: 2
      m_Curve:
      - time: 0
        value: 0
        inSlope: 0
        outSlope: 0
        tangentMode: 0
      - time: .562454343
        value: .223401189
        inSlope: .937432051
        outSlope: .937432051
        tangentMode: 0
      - time: 1
        value: 1
        inSlope: 2
        outSlope: 2
        tangentMode: 0
      m_PreInfinity: 2
      m_PostInfinity: 2
    m_ApplyType: 6
    m_bApplyOption: 01010101
    m_bRecursively: 0
    m_fValueScale: 1
    m_FromColor: {x: .213235319, y: .283772647, z: 1, w: .421999991}
    m_ToColor: {x: .610294104, y: .143598601, z: .143598601, w: 0}
    m_nTag: 0
    m_nSortGroup: 0
    m_OriginalValue: {x: 0, y: 0, z: 0, w: 0}
    m_BeforeValue: {x: 0, y: 0, z: 0, w: 0}
    m_ChildOriginalColorValues: []
    m_ChildBeforeColorValues: []
  m_fDelayTime: .699999988
  m_fDurationTime: 1
  m_bAutoDestruct: 1
  m_fAddElapsedTime: 0
--- !u!114 &11417320
MonoBehaviour:
  m_ObjectHideFlags: 1
  m_PrefabParentObject: {fileID: 0}
  m_PrefabInternal: {fileID: 100100000}
  m_GameObject: {fileID: 199184}
  m_Enabled: 1
  m_EditorHideFlags: 0
  m_Script: {fileID: 11500000, guid: 92d0dba4615c71d45bdbfd7c49b539ca, type: 3}
  m_Name: 
  m_EditorClassIdentifier: 
  m_fUserTag: 0
  m_OnEndAniFunction: OnEndAnimation
  m_CurveInfoList:
  - m_bEnabled: 1
    m_CurveName: 
    m_AniCurve:
      serializedVersion: 2
      m_Curve:
      - time: 0
        value: 0
        inSlope: 4.18640804
        outSlope: 4.18640804
        tangentMode: 0
      - time: .168467477
        value: .635369956
        inSlope: 1.10298395
        outSlope: 1.10298395
        tangentMode: 0
      - time: 1
        value: 1
        inSlope: 0
        outSlope: 0
        tangentMode: 0
      m_PreInfinity: 2
      m_PostInfinity: 2
    m_ApplyType: 3
    m_bApplyOption: 01010101
    m_bRecursively: 0
    m_fValueScale: 1.5
    m_FromColor: {x: 1, y: 1, z: 1, w: 1}
    m_ToColor: {x: 1, y: 1, z: 1, w: 0}
    m_nTag: 0
    m_nSortGroup: 0
    m_OriginalValue: {x: 0, y: 0, z: 0, w: 0}
    m_BeforeValue: {x: 0, y: 0, z: 0, w: 0}
    m_ChildOriginalColorValues: []
    m_ChildBeforeColorValues: []
  - m_bEnabled: 1
    m_CurveName: 
    m_AniCurve:
      serializedVersion: 2
      m_Curve:
      - time: 0
        value: 0
        inSlope: 0
        outSlope: 0
        tangentMode: 0
      - time: .562454343
        value: .223401189
        inSlope: .937432051
        outSlope: .937432051
        tangentMode: 0
      - time: 1
        value: 1
        inSlope: 2
        outSlope: 2
        tangentMode: 0
      m_PreInfinity: 2
      m_PostInfinity: 2
    m_ApplyType: 6
    m_bApplyOption: 01010101
    m_bRecursively: 0
    m_fValueScale: 1
    m_FromColor: {x: 1, y: .213235319, z: .97829634, w: .352999985}
    m_ToColor: {x: .610294104, y: .143598601, z: .143598601, w: 0}
    m_nTag: 0
    m_nSortGroup: 0
    m_OriginalValue: {x: 0, y: 0, z: 0, w: 0}
    m_BeforeValue: {x: 0, y: 0, z: 0, w: 0}
    m_ChildOriginalColorValues: []
    m_ChildBeforeColorValues: []
  m_fDelayTime: .699999988
  m_fDurationTime: 2
  m_bAutoDestruct: 1
  m_fAddElapsedTime: 0
--- !u!114 &11422536
MonoBehaviour:
  m_ObjectHideFlags: 1
  m_PrefabParentObject: {fileID: 0}
  m_PrefabInternal: {fileID: 100100000}
  m_GameObject: {fileID: 148460}
  m_Enabled: 1
  m_EditorHideFlags: 0
  m_Script: {fileID: 11500000, guid: fbf75d5409397084b803760450a474a0, type: 3}
  m_Name: 
  m_EditorClassIdentifier: 
--- !u!114 &11422930
MonoBehaviour:
  m_ObjectHideFlags: 1
  m_PrefabParentObject: {fileID: 0}
  m_PrefabInternal: {fileID: 100100000}
  m_GameObject: {fileID: 162704}
  m_Enabled: 1
  m_EditorHideFlags: 0
  m_Script: {fileID: 11500000, guid: 92d0dba4615c71d45bdbfd7c49b539ca, type: 3}
  m_Name: 
  m_EditorClassIdentifier: 
  m_fUserTag: 0
  m_OnEndAniFunction: OnEndAnimation
  m_CurveInfoList:
  - m_bEnabled: 1
    m_CurveName: 
    m_AniCurve:
      serializedVersion: 2
      m_Curve:
      - time: 0
        value: .264150918
        inSlope: -1.8497889
        outSlope: -1.8497889
        tangentMode: 10
      - time: .416602671
        value: -.506476104
        inSlope: -1.8497889
        outSlope: -.164518058
        tangentMode: 21
      - time: 1
        value: -.602455497
        inSlope: -.164518058
        outSlope: -.164518058
        tangentMode: 10
      m_PreInfinity: 2
      m_PostInfinity: 2
    m_ApplyType: 3
    m_bApplyOption: 01000101
    m_bRecursively: 0
    m_fValueScale: 1
    m_FromColor: {x: 1, y: 1, z: 1, w: 1}
    m_ToColor: {x: 1, y: 1, z: 1, w: 0}
    m_nTag: 0
    m_nSortGroup: 0
    m_OriginalValue: {x: 0, y: 0, z: 0, w: 0}
    m_BeforeValue: {x: 0, y: 0, z: 0, w: 0}
    m_ChildOriginalColorValues: []
    m_ChildBeforeColorValues: []
  - m_bEnabled: 1
    m_CurveName: 
    m_AniCurve:
      serializedVersion: 2
      m_Curve:
      - time: 0
        value: 0
        inSlope: 0
        outSlope: 0
        tangentMode: 0
      - time: .384831965
        value: .153548256
        inSlope: .937432051
        outSlope: .937432051
        tangentMode: 0
      - time: .700962484
        value: .710738838
        inSlope: 1.85936689
        outSlope: 1.85936689
        tangentMode: 0
      - time: 1
        value: 1
        inSlope: .407899201
        outSlope: .407899201
        tangentMode: 0
      m_PreInfinity: 2
      m_PostInfinity: 2
    m_ApplyType: 6
    m_bApplyOption: 01010101
    m_bRecursively: 0
    m_fValueScale: 1
    m_FromColor: {x: .947932899, y: .379541546, z: .95588237, w: 1}
    m_ToColor: {x: .653173923, y: .0389273353, z: .661764741, w: 0}
    m_nTag: 0
    m_nSortGroup: 0
    m_OriginalValue: {x: 0, y: 0, z: 0, w: 0}
    m_BeforeValue: {x: 0, y: 0, z: 0, w: 0}
    m_ChildOriginalColorValues: []
    m_ChildBeforeColorValues: []
  m_fDelayTime: .600000024
  m_fDurationTime: .600000024
  m_bAutoDestruct: 1
  m_fAddElapsedTime: 0
--- !u!114 &11453046
MonoBehaviour:
  m_ObjectHideFlags: 1
  m_PrefabParentObject: {fileID: 0}
  m_PrefabInternal: {fileID: 100100000}
  m_GameObject: {fileID: 155352}
  m_Enabled: 1
  m_EditorHideFlags: 0
  m_Script: {fileID: 11500000, guid: 92d0dba4615c71d45bdbfd7c49b539ca, type: 3}
  m_Name: 
  m_EditorClassIdentifier: 
  m_fUserTag: 0
  m_OnEndAniFunction: OnEndAnimation
  m_CurveInfoList:
  - m_bEnabled: 1
    m_CurveName: 
    m_AniCurve:
      serializedVersion: 2
      m_Curve:
      - time: 0
        value: 0
        inSlope: 0
        outSlope: 1
        tangentMode: 0
      - time: 1
        value: 1
        inSlope: 1
        outSlope: 0
        tangentMode: 0
      m_PreInfinity: 2
      m_PostInfinity: 2
    m_ApplyType: 2
    m_bApplyOption: 00000100
    m_bRecursively: 0
    m_fValueScale: 300
    m_FromColor: {x: 1, y: 1, z: 1, w: 1}
    m_ToColor: {x: 1, y: 1, z: 1, w: 0}
    m_nTag: 0
    m_nSortGroup: 0
    m_OriginalValue: {x: 0, y: 0, z: 0, w: 0}
    m_BeforeValue: {x: 0, y: 0, z: 0, w: 0}
    m_ChildOriginalColorValues: []
    m_ChildBeforeColorValues: []
  - m_bEnabled: 1
    m_CurveName: 
    m_AniCurve:
      serializedVersion: 2
      m_Curve:
      - time: 0
        value: 0
        inSlope: 0
        outSlope: .968413651
        tangentMode: 17
      - time: .410737067
        value: .397763371
        inSlope: 1.6545012
        outSlope: 1.6545012
        tangentMode: 0
      - time: .758498847
        value: 1
        inSlope: 1.73175049
        outSlope: -0
        tangentMode: 21
      - time: 1
        value: 1
        inSlope: 0
        outSlope: 0
        tangentMode: 21
      m_PreInfinity: 2
      m_PostInfinity: 2
    m_ApplyType: 6
    m_bApplyOption: 00000001
    m_bRecursively: 0
    m_fValueScale: 2
    m_FromColor: {x: 1, y: 1, z: 1, w: 1}
    m_ToColor: {x: 1, y: 1, z: 1, w: 0}
    m_nTag: 0
    m_nSortGroup: 0
    m_OriginalValue: {x: 0, y: 0, z: 0, w: 0}
    m_BeforeValue: {x: 0, y: 0, z: 0, w: 0}
    m_ChildOriginalColorValues: []
    m_ChildBeforeColorValues: []
  - m_bEnabled: 1
    m_CurveName: 
    m_AniCurve:
      serializedVersion: 2
      m_Curve:
      - time: 0
        value: 0
        inSlope: -.836538315
        outSlope: -.836538315
        tangentMode: 10
      - time: 1
        value: -.836538315
        inSlope: -.836538315
        outSlope: -.836538315
        tangentMode: 10
      m_PreInfinity: 2
      m_PostInfinity: 2
    m_ApplyType: 3
    m_bApplyOption: 01010101
    m_bRecursively: 0
    m_fValueScale: .5
    m_FromColor: {x: .174750194, y: .0838559568, z: .242647052, w: 1}
    m_ToColor: {x: .0128027573, y: .00129757903, z: .0588235259, w: .984313726}
    m_nTag: 0
    m_nSortGroup: 0
    m_OriginalValue: {x: 0, y: 0, z: 0, w: 0}
    m_BeforeValue: {x: 0, y: 0, z: 0, w: 0}
    m_ChildOriginalColorValues: []
    m_ChildBeforeColorValues: []
  m_fDelayTime: .600000024
  m_fDurationTime: .699999988
  m_bAutoDestruct: 1
  m_fAddElapsedTime: 0
--- !u!114 &11473502
MonoBehaviour:
  m_ObjectHideFlags: 1
  m_PrefabParentObject: {fileID: 0}
  m_PrefabInternal: {fileID: 100100000}
  m_GameObject: {fileID: 180136}
  m_Enabled: 1
  m_EditorHideFlags: 0
  m_Script: {fileID: 11500000, guid: 92d0dba4615c71d45bdbfd7c49b539ca, type: 3}
  m_Name: 
  m_EditorClassIdentifier: 
  m_fUserTag: 0
  m_OnEndAniFunction: OnEndAnimation
  m_CurveInfoList:
  - m_bEnabled: 1
    m_CurveName: 
    m_AniCurve:
      serializedVersion: 2
      m_Curve:
      - time: 0
        value: .340116382
        inSlope: 4.18640804
        outSlope: 2.14451742
        tangentMode: 21
      - time: .179656312
        value: .725392461
        inSlope: 2.14451742
        outSlope: .334746927
        tangentMode: 21
      - time: 1
        value: 1
        inSlope: .230587438
        outSlope: .230587438
        tangentMode: 0
      m_PreInfinity: 2
      m_PostInfinity: 2
    m_ApplyType: 3
    m_bApplyOption: 01010101
    m_bRecursively: 0
    m_fValueScale: 1
    m_FromColor: {x: 1, y: 1, z: 1, w: 1}
    m_ToColor: {x: 1, y: 1, z: 1, w: 0}
    m_nTag: 0
    m_nSortGroup: 0
    m_OriginalValue: {x: 0, y: 0, z: 0, w: 0}
    m_BeforeValue: {x: 0, y: 0, z: 0, w: 0}
    m_ChildOriginalColorValues: []
    m_ChildBeforeColorValues: []
  - m_bEnabled: 1
    m_CurveName: 
    m_AniCurve:
      serializedVersion: 2
      m_Curve:
      - time: 0
        value: 0
        inSlope: 0
        outSlope: 0
        tangentMode: 0
      - time: .341475278
        value: .704154551
        inSlope: 2.06209517
        outSlope: .4492549
        tangentMode: 21
      - time: 1
        value: 1
        inSlope: .4492549
        outSlope: -.359746993
        tangentMode: 21
      m_PreInfinity: 2
      m_PostInfinity: 2
    m_ApplyType: 6
    m_bApplyOption: 01010101
    m_bRecursively: 0
    m_fValueScale: 1
    m_FromColor: {x: 1, y: 1, z: 1, w: 1}
    m_ToColor: {x: .716099918, y: .258055806, z: .816176474, w: 0}
    m_nTag: 0
    m_nSortGroup: 0
    m_OriginalValue: {x: 0, y: 0, z: 0, w: 0}
    m_BeforeValue: {x: 0, y: 0, z: 0, w: 0}
    m_ChildOriginalColorValues: []
    m_ChildBeforeColorValues: []
  m_fDelayTime: .600000024
  m_fDurationTime: .699999988
  m_bAutoDestruct: 1
  m_fAddElapsedTime: 0
--- !u!114 &11486044
MonoBehaviour:
  m_ObjectHideFlags: 1
  m_PrefabParentObject: {fileID: 0}
  m_PrefabInternal: {fileID: 100100000}
  m_GameObject: {fileID: 180136}
  m_Enabled: 1
  m_EditorHideFlags: 0
  m_Script: {fileID: 11500000, guid: c6e85b50315baee4996000b2ecb2e9d5, type: 3}
  m_Name: 
  m_EditorClassIdentifier: 
  m_fUserTag: 0
  intervalTime: .300000012
  lifeTime: 1
  cloneCount: 2
  positionRange: {x: 0, y: 0, z: 0}
  rotationAccum: {x: 0, y: 51, z: 0}
  scaleRange: {x: 1, y: 1}
--- !u!114 &11491458
MonoBehaviour:
  m_ObjectHideFlags: 1
  m_PrefabParentObject: {fileID: 0}
  m_PrefabInternal: {fileID: 100100000}
  m_GameObject: {fileID: 182034}
  m_Enabled: 1
  m_EditorHideFlags: 0
  m_Script: {fileID: 11500000, guid: 92d0dba4615c71d45bdbfd7c49b539ca, type: 3}
  m_Name: 
  m_EditorClassIdentifier: 
  m_fUserTag: 0
  m_OnEndAniFunction: OnEndAnimation
  m_CurveInfoList:
  - m_bEnabled: 1
    m_CurveName: 
    m_AniCurve:
      serializedVersion: 2
      m_Curve:
      - time: 0
        value: 0
        inSlope: 0
        outSlope: 1
        tangentMode: 0
      - time: 1
        value: 1
        inSlope: 1
        outSlope: 0
        tangentMode: 0
      m_PreInfinity: 2
      m_PostInfinity: 2
    m_ApplyType: 2
    m_bApplyOption: 00000100
    m_bRecursively: 0
    m_fValueScale: 300
    m_FromColor: {x: 1, y: 1, z: 1, w: 1}
    m_ToColor: {x: 1, y: 1, z: 1, w: 0}
    m_nTag: 0
    m_nSortGroup: 0
    m_OriginalValue: {x: 0, y: 0, z: 0, w: 0}
    m_BeforeValue: {x: 0, y: 0, z: 0, w: 0}
    m_ChildOriginalColorValues: []
    m_ChildBeforeColorValues: []
  - m_bEnabled: 1
    m_CurveName: 
    m_AniCurve:
      serializedVersion: 2
      m_Curve:
      - time: 0
        value: 0
        inSlope: 0
        outSlope: .968413651
        tangentMode: 17
      - time: .410737067
        value: .397763371
        inSlope: 1.6545012
        outSlope: 1.6545012
        tangentMode: 0
      - time: .758498847
        value: 1
        inSlope: 1.73175049
        outSlope: -0
        tangentMode: 21
      - time: 1
        value: 1
        inSlope: 0
        outSlope: 0
        tangentMode: 21
      m_PreInfinity: 2
      m_PostInfinity: 2
    m_ApplyType: 6
    m_bApplyOption: 00000001
    m_bRecursively: 0
    m_fValueScale: 2
    m_FromColor: {x: 1, y: .301470578, z: .894016087, w: 1}
    m_ToColor: {x: .838235259, y: 0, z: .294827193, w: 0}
    m_nTag: 0
    m_nSortGroup: 0
    m_OriginalValue: {x: 0, y: 0, z: 0, w: 0}
    m_BeforeValue: {x: 0, y: 0, z: 0, w: 0}
    m_ChildOriginalColorValues: []
    m_ChildBeforeColorValues: []
  - m_bEnabled: 1
    m_CurveName: 
    m_AniCurve:
      serializedVersion: 2
      m_Curve:
      - time: 0
        value: 0
        inSlope: -.836538315
        outSlope: -.836538315
        tangentMode: 10
      - time: 1
        value: -.836538315
        inSlope: -.836538315
        outSlope: -.836538315
        tangentMode: 10
      m_PreInfinity: 2
      m_PostInfinity: 2
    m_ApplyType: 3
    m_bApplyOption: 01010101
    m_bRecursively: 0
    m_fValueScale: .5
    m_FromColor: {x: .174750194, y: .0838559568, z: .242647052, w: 1}
    m_ToColor: {x: .0128027573, y: .00129757903, z: .0588235259, w: .984313726}
    m_nTag: 0
    m_nSortGroup: 0
    m_OriginalValue: {x: 0, y: 0, z: 0, w: 0}
    m_BeforeValue: {x: 0, y: 0, z: 0, w: 0}
    m_ChildOriginalColorValues: []
    m_ChildBeforeColorValues: []
  m_fDelayTime: .600000024
  m_fDurationTime: .699999988
  m_bAutoDestruct: 1
  m_fAddElapsedTime: 0
--- !u!114 &11492118
MonoBehaviour:
  m_ObjectHideFlags: 1
  m_PrefabParentObject: {fileID: 0}
  m_PrefabInternal: {fileID: 100100000}
  m_GameObject: {fileID: 147658}
  m_Enabled: 1
  m_EditorHideFlags: 0
  m_Script: {fileID: 11500000, guid: 92d0dba4615c71d45bdbfd7c49b539ca, type: 3}
  m_Name: 
  m_EditorClassIdentifier: 
  m_fUserTag: 0
  m_OnEndAniFunction: OnEndAnimation
  m_CurveInfoList:
  - m_bEnabled: 1
    m_CurveName: 
    m_AniCurve:
      serializedVersion: 2
      m_Curve:
      - time: 0
        value: 0
        inSlope: 0
        outSlope: 1
        tangentMode: 0
      - time: 1
        value: 1
        inSlope: 1
        outSlope: 0
        tangentMode: 0
      m_PreInfinity: 2
      m_PostInfinity: 2
    m_ApplyType: 2
    m_bApplyOption: 00000100
    m_bRecursively: 0
    m_fValueScale: 300
    m_FromColor: {x: 1, y: 1, z: 1, w: 1}
    m_ToColor: {x: 1, y: 1, z: 1, w: 0}
    m_nTag: 0
    m_nSortGroup: 0
    m_OriginalValue: {x: 0, y: 0, z: 0, w: 0}
    m_BeforeValue: {x: 0, y: 0, z: 0, w: 0}
    m_ChildOriginalColorValues: []
    m_ChildBeforeColorValues: []
  - m_bEnabled: 0
    m_CurveName: 
    m_AniCurve:
      serializedVersion: 2
      m_Curve:
      - time: 0
        value: 0
        inSlope: 0
        outSlope: .968413651
        tangentMode: 17
      - time: .410737067
        value: .397763371
        inSlope: 1.6545012
        outSlope: 1.6545012
        tangentMode: 0
      - time: .758498847
        value: 1
        inSlope: 1.73175049
        outSlope: -0
        tangentMode: 21
      - time: 1
        value: 1
        inSlope: 0
        outSlope: 0
        tangentMode: 21
      m_PreInfinity: 2
      m_PostInfinity: 2
    m_ApplyType: 6
    m_bApplyOption: 00000001
    m_bRecursively: 0
    m_fValueScale: 2
    m_FromColor: {x: .470588207, y: .649492919, z: 1, w: 1}
    m_ToColor: {x: .397414744, y: .0802876204, z: .727941155, w: 0}
    m_nTag: 0
    m_nSortGroup: 0
    m_OriginalValue: {x: 0, y: 0, z: 0, w: 0}
    m_BeforeValue: {x: 0, y: 0, z: 0, w: 0}
    m_ChildOriginalColorValues: []
    m_ChildBeforeColorValues: []
  - m_bEnabled: 1
    m_CurveName: 
    m_AniCurve:
      serializedVersion: 2
      m_Curve:
      - time: 0
        value: 0
        inSlope: -.836538315
        outSlope: -.836538315
        tangentMode: 10
      - time: 1
        value: -.836538315
        inSlope: -.836538315
        outSlope: -.836538315
        tangentMode: 10
      m_PreInfinity: 2
      m_PostInfinity: 2
    m_ApplyType: 3
    m_bApplyOption: 01010101
    m_bRecursively: 0
    m_fValueScale: .5
    m_FromColor: {x: .174750194, y: .0838559568, z: .242647052, w: 1}
    m_ToColor: {x: .0128027573, y: .00129757903, z: .0588235259, w: .984313726}
    m_nTag: 0
    m_nSortGroup: 0
    m_OriginalValue: {x: 0, y: 0, z: 0, w: 0}
    m_BeforeValue: {x: 0, y: 0, z: 0, w: 0}
    m_ChildOriginalColorValues: []
    m_ChildBeforeColorValues: []
  m_fDelayTime: .600000024
  m_fDurationTime: .699999988
  m_bAutoDestruct: 1
  m_fAddElapsedTime: 0
--- !u!114 &11495548
MonoBehaviour:
  m_ObjectHideFlags: 1
  m_PrefabParentObject: {fileID: 0}
  m_PrefabInternal: {fileID: 100100000}
  m_GameObject: {fileID: 162704}
  m_Enabled: 1
  m_EditorHideFlags: 0
  m_Script: {fileID: 11500000, guid: c6e85b50315baee4996000b2ecb2e9d5, type: 3}
  m_Name: 
  m_EditorClassIdentifier: 
  m_fUserTag: 0
  intervalTime: .150000006
  lifeTime: 1
  cloneCount: 3
  positionRange: {x: 0, y: 0, z: 0}
  rotationAccum: {x: 0, y: 51, z: 0}
  scaleRange: {x: 1, y: 1}
--- !u!198 &19819156
ParticleSystem:
  m_ObjectHideFlags: 1
  m_PrefabParentObject: {fileID: 0}
  m_PrefabInternal: {fileID: 100100000}
  m_GameObject: {fileID: 146982}
  lengthInSec: .400000006
  startDelay: .600000024
  speed: 1
  randomSeed: 0
  looping: 0
  prewarm: 0
  playOnAwake: 1
  moveWithTransform: 0
  InitialModule:
    enabled: 1
    startLifetime:
      scalar: 1
      maxCurve:
        serializedVersion: 2
        m_Curve:
        - time: 0
          value: 1
          inSlope: 0
          outSlope: 0
          tangentMode: 0
        m_PreInfinity: 2
        m_PostInfinity: 2
      minCurve:
        serializedVersion: 2
        m_Curve:
        - time: 0
          value: 0
          inSlope: 0
          outSlope: 0
          tangentMode: 0
        m_PreInfinity: 2
        m_PostInfinity: 2
      minMaxState: 3
    startSpeed:
      scalar: 1
      maxCurve:
        serializedVersion: 2
        m_Curve:
        - time: 0
          value: 1
          inSlope: 0
          outSlope: 0
          tangentMode: 0
        m_PreInfinity: 2
        m_PostInfinity: 2
      minCurve:
        serializedVersion: 2
        m_Curve:
        - time: 0
          value: .100000001
          inSlope: 0
          outSlope: 0
          tangentMode: 0
        m_PreInfinity: 2
        m_PostInfinity: 2
      minMaxState: 3
    startColor:
      maxGradient:
        key0:
          serializedVersion: 2
          rgba: 4294967295
        key1:
          serializedVersion: 2
          rgba: 4294967295
        key2:
          serializedVersion: 2
          rgba: 0
        key3:
          serializedVersion: 2
          rgba: 0
        key4:
          serializedVersion: 2
          rgba: 0
        key5:
          serializedVersion: 2
          rgba: 0
        key6:
          serializedVersion: 2
          rgba: 0
        key7:
          serializedVersion: 2
          rgba: 0
        ctime0: 0
        ctime1: 65535
        ctime2: 0
        ctime3: 0
        ctime4: 0
        ctime5: 0
        ctime6: 0
        ctime7: 0
        atime0: 0
        atime1: 65535
        atime2: 0
        atime3: 0
        atime4: 0
        atime5: 0
        atime6: 0
        atime7: 0
        m_NumColorKeys: 2
        m_NumAlphaKeys: 2
      minGradient:
        key0:
          serializedVersion: 2
          rgba: 4294967295
        key1:
          serializedVersion: 2
          rgba: 4294967295
        key2:
          serializedVersion: 2
          rgba: 0
        key3:
          serializedVersion: 2
          rgba: 0
        key4:
          serializedVersion: 2
          rgba: 0
        key5:
          serializedVersion: 2
          rgba: 0
        key6:
          serializedVersion: 2
          rgba: 0
        key7:
          serializedVersion: 2
          rgba: 0
        ctime0: 0
        ctime1: 65535
        ctime2: 0
        ctime3: 0
        ctime4: 0
        ctime5: 0
        ctime6: 0
        ctime7: 0
        atime0: 0
        atime1: 65535
        atime2: 0
        atime3: 0
        atime4: 0
        atime5: 0
        atime6: 0
        atime7: 0
        m_NumColorKeys: 2
        m_NumAlphaKeys: 2
      minColor:
        serializedVersion: 2
        rgba: 4294967295
      maxColor:
        serializedVersion: 2
        rgba: 4294967295
      minMaxState: 0
    startSize:
      scalar: .600000024
      maxCurve:
        serializedVersion: 2
        m_Curve:
        - time: 0
          value: 1
          inSlope: 0
          outSlope: 0
          tangentMode: 0
        m_PreInfinity: 2
        m_PostInfinity: 2
      minCurve:
        serializedVersion: 2
        m_Curve:
        - time: 0
          value: .333333313
          inSlope: 0
          outSlope: 0
          tangentMode: 0
        m_PreInfinity: 2
        m_PostInfinity: 2
      minMaxState: 3
    startRotation:
      scalar: 0
      maxCurve:
        serializedVersion: 2
        m_Curve:
        - time: 0
          value: 1
          inSlope: 0
          outSlope: 0
          tangentMode: 0
        - time: 1
          value: 1
          inSlope: 0
          outSlope: 0
          tangentMode: 0
        m_PreInfinity: 2
        m_PostInfinity: 2
      minCurve:
        serializedVersion: 2
        m_Curve:
        - time: 0
          value: 0
          inSlope: 0
          outSlope: 0
          tangentMode: 0
        - time: 1
          value: 0
          inSlope: 0
          outSlope: 0
          tangentMode: 0
        m_PreInfinity: 2
        m_PostInfinity: 2
      minMaxState: 0
    gravityModifier: 0
    inheritVelocity: 0
    maxNumParticles: 1000
  ShapeModule:
    serializedVersion: 2
    enabled: 1
    type: 9
    radius: 2.47000003
    angle: 25
    length: 1
    boxX: 1
    boxY: 1
    boxZ: 1
    arc: 360
    placementMode: 0
    m_Mesh: {fileID: 0}
    randomDirection: 1
  EmissionModule:
    enabled: 1
    m_Type: 0
    rate:
      scalar: 100
      maxCurve:
        serializedVersion: 2
        m_Curve:
        - time: 0
          value: 0
          inSlope: 3.71320653
          outSlope: 3.71320653
          tangentMode: 0
        - time: 1
          value: 0
          inSlope: -4.1713624
          outSlope: -4.1713624
          tangentMode: 0
        m_PreInfinity: 2
        m_PostInfinity: 2
      minCurve:
        serializedVersion: 2
        m_Curve:
        - time: 0
          value: 0
          inSlope: 0
          outSlope: 0
          tangentMode: 0
        - time: 1
          value: 0
          inSlope: 0
          outSlope: 0
          tangentMode: 0
        m_PreInfinity: 2
        m_PostInfinity: 2
      minMaxState: 1
    cnt0: 30
    cnt1: 30
    cnt2: 30
    cnt3: 30
    time0: 0
    time1: 0
    time2: 0
    time3: 0
    m_BurstCount: 0
  SizeModule:
    enabled: 0
    curve:
      scalar: 1
      maxCurve:
        serializedVersion: 2
        m_Curve:
        - time: 0
          value: 1
          inSlope: -1
          outSlope: -1
          tangentMode: 10
        - time: 1
          value: 0
          inSlope: -1
          outSlope: -1
          tangentMode: 10
        m_PreInfinity: 2
        m_PostInfinity: 2
      minCurve:
        serializedVersion: 2
        m_Curve:
        - time: 0
          value: 0
          inSlope: 0
          outSlope: 0
          tangentMode: 0
        - time: 1
          value: 0
          inSlope: 0
          outSlope: 0
          tangentMode: 0
        m_PreInfinity: 2
        m_PostInfinity: 2
      minMaxState: 1
  RotationModule:
    enabled: 0
    curve:
      scalar: .785398185
      maxCurve:
        serializedVersion: 2
        m_Curve:
        - time: 0
          value: 1
          inSlope: 0
          outSlope: 0
          tangentMode: 0
        - time: 1
          value: 1
          inSlope: 0
          outSlope: 0
          tangentMode: 0
        m_PreInfinity: 2
        m_PostInfinity: 2
      minCurve:
        serializedVersion: 2
        m_Curve:
        - time: 0
          value: 0
          inSlope: 0
          outSlope: 0
          tangentMode: 0
        - time: 1
          value: 0
          inSlope: 0
          outSlope: 0
          tangentMode: 0
        m_PreInfinity: 2
        m_PostInfinity: 2
      minMaxState: 0
  ColorModule:
    enabled: 1
    gradient:
      maxGradient:
        key0:
          serializedVersion: 2
          rgba: 4294967295
        key1:
          serializedVersion: 2
          rgba: 4294952549
        key2:
          serializedVersion: 2
          rgba: 16777215
        key3:
          serializedVersion: 2
          rgba: 0
        key4:
          serializedVersion: 2
          rgba: 0
        key5:
          serializedVersion: 2
          rgba: 0
        key6:
          serializedVersion: 2
          rgba: 0
        key7:
          serializedVersion: 2
          rgba: 0
        ctime0: 0
        ctime1: 4626
        ctime2: 65535
        ctime3: 0
        ctime4: 0
        ctime5: 0
        ctime6: 0
        ctime7: 0
        atime0: 0
        atime1: 38743
        atime2: 65535
        atime3: 0
        atime4: 0
        atime5: 0
        atime6: 0
        atime7: 0
        m_NumColorKeys: 2
        m_NumAlphaKeys: 3
      minGradient:
        key0:
          serializedVersion: 2
          rgba: 4294967295
        key1:
          serializedVersion: 2
          rgba: 4294927824
        key2:
          serializedVersion: 2
          rgba: 0
        key3:
          serializedVersion: 2
          rgba: 0
        key4:
          serializedVersion: 2
          rgba: 0
        key5:
          serializedVersion: 2
          rgba: 0
        key6:
          serializedVersion: 2
          rgba: 0
        key7:
          serializedVersion: 2
          rgba: 0
        ctime0: 0
        ctime1: 4626
        ctime2: 0
        ctime3: 0
        ctime4: 0
        ctime5: 0
        ctime6: 0
        ctime7: 0
        atime0: 0
        atime1: 38743
        atime2: 65535
        atime3: 0
        atime4: 0
        atime5: 0
        atime6: 0
        atime7: 0
        m_NumColorKeys: 2
        m_NumAlphaKeys: 3
      minColor:
        serializedVersion: 2
        rgba: 4294967295
      maxColor:
        serializedVersion: 2
        rgba: 4294967295
      minMaxState: 3
  UVModule:
    enabled: 0
    frameOverTime:
      scalar: 1
      maxCurve:
        serializedVersion: 2
        m_Curve:
        - time: 0
          value: 0
          inSlope: 1
          outSlope: 1
          tangentMode: 10
        - time: 1
          value: 1
          inSlope: 1
          outSlope: 1
          tangentMode: 10
        m_PreInfinity: 2
        m_PostInfinity: 2
      minCurve:
        serializedVersion: 2
        m_Curve:
        - time: 0
          value: 0
          inSlope: 0
          outSlope: 1
          tangentMode: 0
        - time: 1
          value: 1
          inSlope: 1
          outSlope: 0
          tangentMode: 0
        m_PreInfinity: 2
        m_PostInfinity: 2
      minMaxState: 1
    tilesX: 4
    tilesY: 4
    animationType: 0
    rowIndex: 0
    cycles: 1
    randomRow: 1
  VelocityModule:
    enabled: 0
    x:
      scalar: 0
      maxCurve:
        serializedVersion: 2
        m_Curve:
        - time: 0
          value: 1
          inSlope: 0
          outSlope: 0
          tangentMode: 0
        - time: 1
          value: 1
          inSlope: 0
          outSlope: 0
          tangentMode: 0
        m_PreInfinity: 2
        m_PostInfinity: 2
      minCurve:
        serializedVersion: 2
        m_Curve:
        - time: 0
          value: 0
          inSlope: 0
          outSlope: 0
          tangentMode: 0
        - time: 1
          value: 0
          inSlope: 0
          outSlope: 0
          tangentMode: 0
        m_PreInfinity: 2
        m_PostInfinity: 2
      minMaxState: 0
    y:
      scalar: 0
      maxCurve:
        serializedVersion: 2
        m_Curve:
        - time: 0
          value: 1
          inSlope: 0
          outSlope: 0
          tangentMode: 0
        - time: 1
          value: 1
          inSlope: 0
          outSlope: 0
          tangentMode: 0
        m_PreInfinity: 2
        m_PostInfinity: 2
      minCurve:
        serializedVersion: 2
        m_Curve:
        - time: 0
          value: 0
          inSlope: 0
          outSlope: 0
          tangentMode: 0
        - time: 1
          value: 0
          inSlope: 0
          outSlope: 0
          tangentMode: 0
        m_PreInfinity: 2
        m_PostInfinity: 2
      minMaxState: 0
    z:
      scalar: 0
      maxCurve:
        serializedVersion: 2
        m_Curve:
        - time: 0
          value: 1
          inSlope: 0
          outSlope: 0
          tangentMode: 0
        - time: 1
          value: 1
          inSlope: 0
          outSlope: 0
          tangentMode: 0
        m_PreInfinity: 2
        m_PostInfinity: 2
      minCurve:
        serializedVersion: 2
        m_Curve:
        - time: 0
          value: 0
          inSlope: 0
          outSlope: 0
          tangentMode: 0
        - time: 1
          value: 0
          inSlope: 0
          outSlope: 0
          tangentMode: 0
        m_PreInfinity: 2
        m_PostInfinity: 2
      minMaxState: 0
    inWorldSpace: 0
  ForceModule:
    enabled: 1
    x:
      scalar: .5
      maxCurve:
        serializedVersion: 2
        m_Curve:
        - time: 0
          value: 1
          inSlope: 0
          outSlope: 0
          tangentMode: 0
        m_PreInfinity: 2
        m_PostInfinity: 2
      minCurve:
        serializedVersion: 2
        m_Curve:
        - time: 0
          value: 0
          inSlope: 0
          outSlope: 0
          tangentMode: 0
        m_PreInfinity: 2
        m_PostInfinity: 2
      minMaxState: 3
    y:
      scalar: 1
      maxCurve:
        serializedVersion: 2
        m_Curve:
        - time: 0
          value: 0
          inSlope: 0
          outSlope: 0
          tangentMode: 0
        m_PreInfinity: 2
        m_PostInfinity: 2
      minCurve:
        serializedVersion: 2
        m_Curve:
        - time: 0
          value: 0
          inSlope: 0
          outSlope: 0
          tangentMode: 0
        m_PreInfinity: 2
        m_PostInfinity: 2
      minMaxState: 3
    z:
      scalar: 1
      maxCurve:
        serializedVersion: 2
        m_Curve:
        - time: 0
          value: 0
          inSlope: 0
          outSlope: 0
          tangentMode: 0
        m_PreInfinity: 2
        m_PostInfinity: 2
      minCurve:
        serializedVersion: 2
        m_Curve:
        - time: 0
          value: 0
          inSlope: 0
          outSlope: 0
          tangentMode: 0
        m_PreInfinity: 2
        m_PostInfinity: 2
      minMaxState: 3
    inWorldSpace: 0
    randomizePerFrame: 0
  ExternalForcesModule:
    enabled: 0
    multiplier: 1
  ClampVelocityModule:
    enabled: 1
    x:
      scalar: 1
      maxCurve:
        serializedVersion: 2
        m_Curve:
        - time: 0
          value: 1
          inSlope: 0
          outSlope: 0
          tangentMode: 0
        - time: 1
          value: 1
          inSlope: 0
          outSlope: 0
          tangentMode: 0
        m_PreInfinity: 2
        m_PostInfinity: 2
      minCurve:
        serializedVersion: 2
        m_Curve:
        - time: 0
          value: 0
          inSlope: 0
          outSlope: 0
          tangentMode: 0
        - time: 1
          value: 0
          inSlope: 0
          outSlope: 0
          tangentMode: 0
        m_PreInfinity: 2
        m_PostInfinity: 2
      minMaxState: 0
    y:
      scalar: 1
      maxCurve:
        serializedVersion: 2
        m_Curve:
        - time: 0
          value: 1
          inSlope: 0
          outSlope: 0
          tangentMode: 0
        - time: 1
          value: 1
          inSlope: 0
          outSlope: 0
          tangentMode: 0
        m_PreInfinity: 2
        m_PostInfinity: 2
      minCurve:
        serializedVersion: 2
        m_Curve:
        - time: 0
          value: 0
          inSlope: 0
          outSlope: 0
          tangentMode: 0
        - time: 1
          value: 0
          inSlope: 0
          outSlope: 0
          tangentMode: 0
        m_PreInfinity: 2
        m_PostInfinity: 2
      minMaxState: 0
    z:
      scalar: 1
      maxCurve:
        serializedVersion: 2
        m_Curve:
        - time: 0
          value: 1
          inSlope: 0
          outSlope: 0
          tangentMode: 0
        - time: 1
          value: 1
          inSlope: 0
          outSlope: 0
          tangentMode: 0
        m_PreInfinity: 2
        m_PostInfinity: 2
      minCurve:
        serializedVersion: 2
        m_Curve:
        - time: 0
          value: 0
          inSlope: 0
          outSlope: 0
          tangentMode: 0
        - time: 1
          value: 0
          inSlope: 0
          outSlope: 0
          tangentMode: 0
        m_PreInfinity: 2
        m_PostInfinity: 2
      minMaxState: 0
    magnitude:
      scalar: .899999976
      maxCurve:
        serializedVersion: 2
        m_Curve:
        - time: 0
          value: 1
          inSlope: 0
          outSlope: 0
          tangentMode: 0
        - time: 1
          value: 1
          inSlope: 0
          outSlope: 0
          tangentMode: 0
        m_PreInfinity: 2
        m_PostInfinity: 2
      minCurve:
        serializedVersion: 2
        m_Curve:
        - time: 0
          value: 0
          inSlope: 0
          outSlope: 0
          tangentMode: 0
        - time: 1
          value: 0
          inSlope: 0
          outSlope: 0
          tangentMode: 0
        m_PreInfinity: 2
        m_PostInfinity: 2
      minMaxState: 0
    separateAxis: 0
    inWorldSpace: 0
    dampen: .100000001
  SizeBySpeedModule:
    enabled: 0
    curve:
      scalar: 1
      maxCurve:
        serializedVersion: 2
        m_Curve:
        - time: 0
          value: 1
          inSlope: 0
          outSlope: 0
          tangentMode: 0
        - time: 1
          value: 1
          inSlope: 0
          outSlope: 0
          tangentMode: 0
        m_PreInfinity: 2
        m_PostInfinity: 2
      minCurve:
        serializedVersion: 2
        m_Curve:
        - time: 0
          value: 0
          inSlope: 0
          outSlope: 0
          tangentMode: 0
        - time: 1
          value: 0
          inSlope: 0
          outSlope: 0
          tangentMode: 0
        m_PreInfinity: 2
        m_PostInfinity: 2
      minMaxState: 1
    range: {x: 0, y: 1}
  RotationBySpeedModule:
    enabled: 0
    curve:
      scalar: .785398185
      maxCurve:
        serializedVersion: 2
        m_Curve:
        - time: 0
          value: 1
          inSlope: 0
          outSlope: 0
          tangentMode: 0
        - time: 1
          value: 1
          inSlope: 0
          outSlope: 0
          tangentMode: 0
        m_PreInfinity: 2
        m_PostInfinity: 2
      minCurve:
        serializedVersion: 2
        m_Curve:
        - time: 0
          value: 0
          inSlope: 0
          outSlope: 0
          tangentMode: 0
        - time: 1
          value: 0
          inSlope: 0
          outSlope: 0
          tangentMode: 0
        m_PreInfinity: 2
        m_PostInfinity: 2
      minMaxState: 0
    range: {x: 0, y: 1}
  ColorBySpeedModule:
    enabled: 0
    gradient:
      maxGradient:
        key0:
          serializedVersion: 2
          rgba: 4294967295
        key1:
          serializedVersion: 2
          rgba: 4294967295
        key2:
          serializedVersion: 2
          rgba: 0
        key3:
          serializedVersion: 2
          rgba: 0
        key4:
          serializedVersion: 2
          rgba: 0
        key5:
          serializedVersion: 2
          rgba: 0
        key6:
          serializedVersion: 2
          rgba: 0
        key7:
          serializedVersion: 2
          rgba: 0
        ctime0: 0
        ctime1: 65535
        ctime2: 0
        ctime3: 0
        ctime4: 0
        ctime5: 0
        ctime6: 0
        ctime7: 0
        atime0: 0
        atime1: 65535
        atime2: 0
        atime3: 0
        atime4: 0
        atime5: 0
        atime6: 0
        atime7: 0
        m_NumColorKeys: 2
        m_NumAlphaKeys: 2
      minGradient:
        key0:
          serializedVersion: 2
          rgba: 4294967295
        key1:
          serializedVersion: 2
          rgba: 4294967295
        key2:
          serializedVersion: 2
          rgba: 0
        key3:
          serializedVersion: 2
          rgba: 0
        key4:
          serializedVersion: 2
          rgba: 0
        key5:
          serializedVersion: 2
          rgba: 0
        key6:
          serializedVersion: 2
          rgba: 0
        key7:
          serializedVersion: 2
          rgba: 0
        ctime0: 0
        ctime1: 65535
        ctime2: 0
        ctime3: 0
        ctime4: 0
        ctime5: 0
        ctime6: 0
        ctime7: 0
        atime0: 0
        atime1: 65535
        atime2: 0
        atime3: 0
        atime4: 0
        atime5: 0
        atime6: 0
        atime7: 0
        m_NumColorKeys: 2
        m_NumAlphaKeys: 2
      minColor:
        serializedVersion: 2
        rgba: 4294967295
      maxColor:
        serializedVersion: 2
        rgba: 4294967295
      minMaxState: 1
    range: {x: 0, y: 1}
  CollisionModule:
    enabled: 0
    type: 0
    plane0: {fileID: 0}
    plane1: {fileID: 0}
    plane2: {fileID: 0}
    plane3: {fileID: 0}
    plane4: {fileID: 0}
    plane5: {fileID: 0}
    dampen: 0
    bounce: 1
    energyLossOnCollision: 0
    minKillSpeed: 0
    particleRadius: .00999999978
    collidesWith:
      serializedVersion: 2
      m_Bits: 4294967295
    quality: 0
    voxelSize: .5
    collisionMessages: 0
  SubModule:
    enabled: 0
    subEmitterBirth: {fileID: 0}
    subEmitterBirth1: {fileID: 0}
    subEmitterCollision: {fileID: 0}
    subEmitterCollision1: {fileID: 0}
    subEmitterDeath: {fileID: 0}
    subEmitterDeath1: {fileID: 0}
--- !u!198 &19870806
ParticleSystem:
  m_ObjectHideFlags: 1
  m_PrefabParentObject: {fileID: 0}
  m_PrefabInternal: {fileID: 100100000}
  m_GameObject: {fileID: 175284}
  lengthInSec: .400000006
  startDelay: .600000024
  speed: 1
  randomSeed: 0
  looping: 0
  prewarm: 0
  playOnAwake: 1
  moveWithTransform: 0
  InitialModule:
    enabled: 1
    startLifetime:
      scalar: 1
      maxCurve:
        serializedVersion: 2
        m_Curve:
        - time: 0
          value: 1
          inSlope: 0
          outSlope: 0
          tangentMode: 0
        m_PreInfinity: 2
        m_PostInfinity: 2
      minCurve:
        serializedVersion: 2
        m_Curve:
        - time: 0
          value: .5
          inSlope: 0
          outSlope: 0
          tangentMode: 0
        m_PreInfinity: 2
        m_PostInfinity: 2
      minMaxState: 3
    startSpeed:
      scalar: 1
      maxCurve:
        serializedVersion: 2
        m_Curve:
        - time: 0
          value: 1
          inSlope: 0
          outSlope: 0
          tangentMode: 0
        m_PreInfinity: 2
        m_PostInfinity: 2
      minCurve:
        serializedVersion: 2
        m_Curve:
        - time: 0
          value: .100000001
          inSlope: 0
          outSlope: 0
          tangentMode: 0
        m_PreInfinity: 2
        m_PostInfinity: 2
      minMaxState: 3
    startColor:
      maxGradient:
        key0:
          serializedVersion: 2
          rgba: 4294967295
        key1:
          serializedVersion: 2
          rgba: 4294967295
        key2:
          serializedVersion: 2
          rgba: 0
        key3:
          serializedVersion: 2
          rgba: 0
        key4:
          serializedVersion: 2
          rgba: 0
        key5:
          serializedVersion: 2
          rgba: 0
        key6:
          serializedVersion: 2
          rgba: 0
        key7:
          serializedVersion: 2
          rgba: 0
        ctime0: 0
        ctime1: 65535
        ctime2: 0
        ctime3: 0
        ctime4: 0
        ctime5: 0
        ctime6: 0
        ctime7: 0
        atime0: 0
        atime1: 65535
        atime2: 0
        atime3: 0
        atime4: 0
        atime5: 0
        atime6: 0
        atime7: 0
        m_NumColorKeys: 2
        m_NumAlphaKeys: 2
      minGradient:
        key0:
          serializedVersion: 2
          rgba: 4294967295
        key1:
          serializedVersion: 2
          rgba: 4294967295
        key2:
          serializedVersion: 2
          rgba: 0
        key3:
          serializedVersion: 2
          rgba: 0
        key4:
          serializedVersion: 2
          rgba: 0
        key5:
          serializedVersion: 2
          rgba: 0
        key6:
          serializedVersion: 2
          rgba: 0
        key7:
          serializedVersion: 2
          rgba: 0
        ctime0: 0
        ctime1: 65535
        ctime2: 0
        ctime3: 0
        ctime4: 0
        ctime5: 0
        ctime6: 0
        ctime7: 0
        atime0: 0
        atime1: 65535
        atime2: 0
        atime3: 0
        atime4: 0
        atime5: 0
        atime6: 0
        atime7: 0
        m_NumColorKeys: 2
        m_NumAlphaKeys: 2
      minColor:
        serializedVersion: 2
        rgba: 4294967295
      maxColor:
        serializedVersion: 2
        rgba: 4294967295
      minMaxState: 0
    startSize:
      scalar: .600000024
      maxCurve:
        serializedVersion: 2
        m_Curve:
        - time: 0
          value: .416666657
          inSlope: 0
          outSlope: 0
          tangentMode: 0
        m_PreInfinity: 2
        m_PostInfinity: 2
      minCurve:
        serializedVersion: 2
        m_Curve:
        - time: 0
          value: 1
          inSlope: 0
          outSlope: 0
          tangentMode: 0
        m_PreInfinity: 2
        m_PostInfinity: 2
      minMaxState: 3
    startRotation:
      scalar: 6.28318501
      maxCurve:
        serializedVersion: 2
        m_Curve:
        - time: 0
          value: 1
          inSlope: 0
          outSlope: 0
          tangentMode: 0
        m_PreInfinity: 2
        m_PostInfinity: 2
      minCurve:
        serializedVersion: 2
        m_Curve:
        - time: 0
          value: -1
          inSlope: 0
          outSlope: 0
          tangentMode: 0
        m_PreInfinity: 2
        m_PostInfinity: 2
      minMaxState: 3
    gravityModifier: .0500000007
    inheritVelocity: 0
    maxNumParticles: 1000
  ShapeModule:
    serializedVersion: 2
    enabled: 1
    type: 9
    radius: 2.47000003
    angle: 25
    length: 1
    boxX: 1
    boxY: 1
    boxZ: 1
    arc: 360
    placementMode: 0
    m_Mesh: {fileID: 0}
    randomDirection: 1
  EmissionModule:
    enabled: 1
    m_Type: 0
    rate:
      scalar: 100
      maxCurve:
        serializedVersion: 2
        m_Curve:
        - time: 0
          value: 0
          inSlope: 3.71320653
          outSlope: 3.71320653
          tangentMode: 0
        - time: 1
          value: 0
          inSlope: -4.1713624
          outSlope: -4.1713624
          tangentMode: 0
        m_PreInfinity: 2
        m_PostInfinity: 2
      minCurve:
        serializedVersion: 2
        m_Curve:
        - time: 0
          value: 0
          inSlope: 0
          outSlope: 0
          tangentMode: 0
        - time: 1
          value: 0
          inSlope: 0
          outSlope: 0
          tangentMode: 0
        m_PreInfinity: 2
        m_PostInfinity: 2
      minMaxState: 1
    cnt0: 30
    cnt1: 30
    cnt2: 30
    cnt3: 30
    time0: 0
    time1: 0
    time2: 0
    time3: 0
    m_BurstCount: 0
  SizeModule:
    enabled: 0
    curve:
      scalar: 1
      maxCurve:
        serializedVersion: 2
        m_Curve:
        - time: 0
          value: 1
          inSlope: -1
          outSlope: -1
          tangentMode: 10
        - time: 1
          value: 0
          inSlope: -1
          outSlope: -1
          tangentMode: 10
        m_PreInfinity: 2
        m_PostInfinity: 2
      minCurve:
        serializedVersion: 2
        m_Curve:
        - time: 0
          value: 0
          inSlope: 0
          outSlope: 0
          tangentMode: 0
        - time: 1
          value: 0
          inSlope: 0
          outSlope: 0
          tangentMode: 0
        m_PreInfinity: 2
        m_PostInfinity: 2
      minMaxState: 1
  RotationModule:
    enabled: 0
    curve:
      scalar: .785398185
      maxCurve:
        serializedVersion: 2
        m_Curve:
        - time: 0
          value: 1
          inSlope: 0
          outSlope: 0
          tangentMode: 0
        - time: 1
          value: 1
          inSlope: 0
          outSlope: 0
          tangentMode: 0
        m_PreInfinity: 2
        m_PostInfinity: 2
      minCurve:
        serializedVersion: 2
        m_Curve:
        - time: 0
          value: 0
          inSlope: 0
          outSlope: 0
          tangentMode: 0
        - time: 1
          value: 0
          inSlope: 0
          outSlope: 0
          tangentMode: 0
        m_PreInfinity: 2
        m_PostInfinity: 2
      minMaxState: 0
  ColorModule:
    enabled: 1
    gradient:
      maxGradient:
        key0:
          serializedVersion: 2
          rgba: 4294967295
        key1:
          serializedVersion: 2
          rgba: 4294134783
        key2:
          serializedVersion: 2
          rgba: 16777215
        key3:
          serializedVersion: 2
          rgba: 0
        key4:
          serializedVersion: 2
          rgba: 0
        key5:
          serializedVersion: 2
          rgba: 0
        key6:
          serializedVersion: 2
          rgba: 0
        key7:
          serializedVersion: 2
          rgba: 0
        ctime0: 0
        ctime1: 4626
        ctime2: 65535
        ctime3: 0
        ctime4: 0
        ctime5: 0
        ctime6: 0
        ctime7: 0
        atime0: 0
        atime1: 38743
        atime2: 65535
        atime3: 0
        atime4: 0
        atime5: 0
        atime6: 0
        atime7: 0
        m_NumColorKeys: 2
        m_NumAlphaKeys: 3
      minGradient:
        key0:
          serializedVersion: 2
          rgba: 4294967295
        key1:
          serializedVersion: 2
          rgba: 4278190335
        key2:
          serializedVersion: 2
          rgba: 0
        key3:
          serializedVersion: 2
          rgba: 0
        key4:
          serializedVersion: 2
          rgba: 0
        key5:
          serializedVersion: 2
          rgba: 0
        key6:
          serializedVersion: 2
          rgba: 0
        key7:
          serializedVersion: 2
          rgba: 0
        ctime0: 0
        ctime1: 4626
        ctime2: 0
        ctime3: 0
        ctime4: 0
        ctime5: 0
        ctime6: 0
        ctime7: 0
        atime0: 0
        atime1: 38743
        atime2: 65535
        atime3: 0
        atime4: 0
        atime5: 0
        atime6: 0
        atime7: 0
        m_NumColorKeys: 2
        m_NumAlphaKeys: 3
      minColor:
        serializedVersion: 2
        rgba: 4294967295
      maxColor:
        serializedVersion: 2
        rgba: 4294967295
      minMaxState: 3
  UVModule:
    enabled: 1
    frameOverTime:
      scalar: 1
      maxCurve:
        serializedVersion: 2
        m_Curve:
        - time: 0
          value: 0
          inSlope: 1
          outSlope: 1
          tangentMode: 10
        - time: 1
          value: 1
          inSlope: 1
          outSlope: 1
          tangentMode: 10
        m_PreInfinity: 2
        m_PostInfinity: 2
      minCurve:
        serializedVersion: 2
        m_Curve:
        - time: 0
          value: 0
          inSlope: 0
          outSlope: 1
          tangentMode: 0
        - time: 1
          value: 1
          inSlope: 1
          outSlope: 0
          tangentMode: 0
        m_PreInfinity: 2
        m_PostInfinity: 2
      minMaxState: 1
    tilesX: 4
    tilesY: 5
    animationType: 0
    rowIndex: 0
    cycles: 1
    randomRow: 1
  VelocityModule:
    enabled: 0
    x:
      scalar: 0
      maxCurve:
        serializedVersion: 2
        m_Curve:
        - time: 0
          value: 1
          inSlope: 0
          outSlope: 0
          tangentMode: 0
        - time: 1
          value: 1
          inSlope: 0
          outSlope: 0
          tangentMode: 0
        m_PreInfinity: 2
        m_PostInfinity: 2
      minCurve:
        serializedVersion: 2
        m_Curve:
        - time: 0
          value: 0
          inSlope: 0
          outSlope: 0
          tangentMode: 0
        - time: 1
          value: 0
          inSlope: 0
          outSlope: 0
          tangentMode: 0
        m_PreInfinity: 2
        m_PostInfinity: 2
      minMaxState: 0
    y:
      scalar: 0
      maxCurve:
        serializedVersion: 2
        m_Curve:
        - time: 0
          value: 1
          inSlope: 0
          outSlope: 0
          tangentMode: 0
        - time: 1
          value: 1
          inSlope: 0
          outSlope: 0
          tangentMode: 0
        m_PreInfinity: 2
        m_PostInfinity: 2
      minCurve:
        serializedVersion: 2
        m_Curve:
        - time: 0
          value: 0
          inSlope: 0
          outSlope: 0
          tangentMode: 0
        - time: 1
          value: 0
          inSlope: 0
          outSlope: 0
          tangentMode: 0
        m_PreInfinity: 2
        m_PostInfinity: 2
      minMaxState: 0
    z:
      scalar: 0
      maxCurve:
        serializedVersion: 2
        m_Curve:
        - time: 0
          value: 1
          inSlope: 0
          outSlope: 0
          tangentMode: 0
        - time: 1
          value: 1
          inSlope: 0
          outSlope: 0
          tangentMode: 0
        m_PreInfinity: 2
        m_PostInfinity: 2
      minCurve:
        serializedVersion: 2
        m_Curve:
        - time: 0
          value: 0
          inSlope: 0
          outSlope: 0
          tangentMode: 0
        - time: 1
          value: 0
          inSlope: 0
          outSlope: 0
          tangentMode: 0
        m_PreInfinity: 2
        m_PostInfinity: 2
      minMaxState: 0
    inWorldSpace: 0
  ForceModule:
    enabled: 1
    x:
      scalar: .5
      maxCurve:
        serializedVersion: 2
        m_Curve:
        - time: 0
          value: 1
          inSlope: 0
          outSlope: 0
          tangentMode: 0
        m_PreInfinity: 2
        m_PostInfinity: 2
      minCurve:
        serializedVersion: 2
        m_Curve:
        - time: 0
          value: 0
          inSlope: 0
          outSlope: 0
          tangentMode: 0
        m_PreInfinity: 2
        m_PostInfinity: 2
      minMaxState: 3
    y:
      scalar: 1
      maxCurve:
        serializedVersion: 2
        m_Curve:
        - time: 0
          value: 0
          inSlope: 0
          outSlope: 0
          tangentMode: 0
        m_PreInfinity: 2
        m_PostInfinity: 2
      minCurve:
        serializedVersion: 2
        m_Curve:
        - time: 0
          value: 0
          inSlope: 0
          outSlope: 0
          tangentMode: 0
        m_PreInfinity: 2
        m_PostInfinity: 2
      minMaxState: 3
    z:
      scalar: 1
      maxCurve:
        serializedVersion: 2
        m_Curve:
        - time: 0
          value: 0
          inSlope: 0
          outSlope: 0
          tangentMode: 0
        m_PreInfinity: 2
        m_PostInfinity: 2
      minCurve:
        serializedVersion: 2
        m_Curve:
        - time: 0
          value: 0
          inSlope: 0
          outSlope: 0
          tangentMode: 0
        m_PreInfinity: 2
        m_PostInfinity: 2
      minMaxState: 3
    inWorldSpace: 0
    randomizePerFrame: 0
  ExternalForcesModule:
    enabled: 0
    multiplier: 1
  ClampVelocityModule:
    enabled: 1
    x:
      scalar: 1
      maxCurve:
        serializedVersion: 2
        m_Curve:
        - time: 0
          value: 1
          inSlope: 0
          outSlope: 0
          tangentMode: 0
        - time: 1
          value: 1
          inSlope: 0
          outSlope: 0
          tangentMode: 0
        m_PreInfinity: 2
        m_PostInfinity: 2
      minCurve:
        serializedVersion: 2
        m_Curve:
        - time: 0
          value: 0
          inSlope: 0
          outSlope: 0
          tangentMode: 0
        - time: 1
          value: 0
          inSlope: 0
          outSlope: 0
          tangentMode: 0
        m_PreInfinity: 2
        m_PostInfinity: 2
      minMaxState: 0
    y:
      scalar: 1
      maxCurve:
        serializedVersion: 2
        m_Curve:
        - time: 0
          value: 1
          inSlope: 0
          outSlope: 0
          tangentMode: 0
        - time: 1
          value: 1
          inSlope: 0
          outSlope: 0
          tangentMode: 0
        m_PreInfinity: 2
        m_PostInfinity: 2
      minCurve:
        serializedVersion: 2
        m_Curve:
        - time: 0
          value: 0
          inSlope: 0
          outSlope: 0
          tangentMode: 0
        - time: 1
          value: 0
          inSlope: 0
          outSlope: 0
          tangentMode: 0
        m_PreInfinity: 2
        m_PostInfinity: 2
      minMaxState: 0
    z:
      scalar: 1
      maxCurve:
        serializedVersion: 2
        m_Curve:
        - time: 0
          value: 1
          inSlope: 0
          outSlope: 0
          tangentMode: 0
        - time: 1
          value: 1
          inSlope: 0
          outSlope: 0
          tangentMode: 0
        m_PreInfinity: 2
        m_PostInfinity: 2
      minCurve:
        serializedVersion: 2
        m_Curve:
        - time: 0
          value: 0
          inSlope: 0
          outSlope: 0
          tangentMode: 0
        - time: 1
          value: 0
          inSlope: 0
          outSlope: 0
          tangentMode: 0
        m_PreInfinity: 2
        m_PostInfinity: 2
      minMaxState: 0
    magnitude:
      scalar: .899999976
      maxCurve:
        serializedVersion: 2
        m_Curve:
        - time: 0
          value: 1
          inSlope: 0
          outSlope: 0
          tangentMode: 0
        - time: 1
          value: 1
          inSlope: 0
          outSlope: 0
          tangentMode: 0
        m_PreInfinity: 2
        m_PostInfinity: 2
      minCurve:
        serializedVersion: 2
        m_Curve:
        - time: 0
          value: 0
          inSlope: 0
          outSlope: 0
          tangentMode: 0
        - time: 1
          value: 0
          inSlope: 0
          outSlope: 0
          tangentMode: 0
        m_PreInfinity: 2
        m_PostInfinity: 2
      minMaxState: 0
    separateAxis: 0
    inWorldSpace: 0
    dampen: .100000001
  SizeBySpeedModule:
    enabled: 0
    curve:
      scalar: 1
      maxCurve:
        serializedVersion: 2
        m_Curve:
        - time: 0
          value: 1
          inSlope: 0
          outSlope: 0
          tangentMode: 0
        - time: 1
          value: 1
          inSlope: 0
          outSlope: 0
          tangentMode: 0
        m_PreInfinity: 2
        m_PostInfinity: 2
      minCurve:
        serializedVersion: 2
        m_Curve:
        - time: 0
          value: 0
          inSlope: 0
          outSlope: 0
          tangentMode: 0
        - time: 1
          value: 0
          inSlope: 0
          outSlope: 0
          tangentMode: 0
        m_PreInfinity: 2
        m_PostInfinity: 2
      minMaxState: 1
    range: {x: 0, y: 1}
  RotationBySpeedModule:
    enabled: 0
    curve:
      scalar: .785398185
      maxCurve:
        serializedVersion: 2
        m_Curve:
        - time: 0
          value: 1
          inSlope: 0
          outSlope: 0
          tangentMode: 0
        - time: 1
          value: 1
          inSlope: 0
          outSlope: 0
          tangentMode: 0
        m_PreInfinity: 2
        m_PostInfinity: 2
      minCurve:
        serializedVersion: 2
        m_Curve:
        - time: 0
          value: 0
          inSlope: 0
          outSlope: 0
          tangentMode: 0
        - time: 1
          value: 0
          inSlope: 0
          outSlope: 0
          tangentMode: 0
        m_PreInfinity: 2
        m_PostInfinity: 2
      minMaxState: 0
    range: {x: 0, y: 1}
  ColorBySpeedModule:
    enabled: 0
    gradient:
      maxGradient:
        key0:
          serializedVersion: 2
          rgba: 4294967295
        key1:
          serializedVersion: 2
          rgba: 4294967295
        key2:
          serializedVersion: 2
          rgba: 0
        key3:
          serializedVersion: 2
          rgba: 0
        key4:
          serializedVersion: 2
          rgba: 0
        key5:
          serializedVersion: 2
          rgba: 0
        key6:
          serializedVersion: 2
          rgba: 0
        key7:
          serializedVersion: 2
          rgba: 0
        ctime0: 0
        ctime1: 65535
        ctime2: 0
        ctime3: 0
        ctime4: 0
        ctime5: 0
        ctime6: 0
        ctime7: 0
        atime0: 0
        atime1: 65535
        atime2: 0
        atime3: 0
        atime4: 0
        atime5: 0
        atime6: 0
        atime7: 0
        m_NumColorKeys: 2
        m_NumAlphaKeys: 2
      minGradient:
        key0:
          serializedVersion: 2
          rgba: 4294967295
        key1:
          serializedVersion: 2
          rgba: 4294967295
        key2:
          serializedVersion: 2
          rgba: 0
        key3:
          serializedVersion: 2
          rgba: 0
        key4:
          serializedVersion: 2
          rgba: 0
        key5:
          serializedVersion: 2
          rgba: 0
        key6:
          serializedVersion: 2
          rgba: 0
        key7:
          serializedVersion: 2
          rgba: 0
        ctime0: 0
        ctime1: 65535
        ctime2: 0
        ctime3: 0
        ctime4: 0
        ctime5: 0
        ctime6: 0
        ctime7: 0
        atime0: 0
        atime1: 65535
        atime2: 0
        atime3: 0
        atime4: 0
        atime5: 0
        atime6: 0
        atime7: 0
        m_NumColorKeys: 2
        m_NumAlphaKeys: 2
      minColor:
        serializedVersion: 2
        rgba: 4294967295
      maxColor:
        serializedVersion: 2
        rgba: 4294967295
      minMaxState: 1
    range: {x: 0, y: 1}
  CollisionModule:
    enabled: 0
    type: 0
    plane0: {fileID: 0}
    plane1: {fileID: 0}
    plane2: {fileID: 0}
    plane3: {fileID: 0}
    plane4: {fileID: 0}
    plane5: {fileID: 0}
    dampen: 0
    bounce: 1
    energyLossOnCollision: 0
    minKillSpeed: 0
    particleRadius: .00999999978
    collidesWith:
      serializedVersion: 2
      m_Bits: 4294967295
    quality: 0
    voxelSize: .5
    collisionMessages: 0
  SubModule:
    enabled: 0
    subEmitterBirth: {fileID: 0}
    subEmitterBirth1: {fileID: 0}
    subEmitterCollision: {fileID: 0}
    subEmitterCollision1: {fileID: 0}
    subEmitterDeath: {fileID: 0}
    subEmitterDeath1: {fileID: 0}
--- !u!199 &19949950
ParticleSystemRenderer:
  m_ObjectHideFlags: 1
  m_PrefabParentObject: {fileID: 0}
  m_PrefabInternal: {fileID: 100100000}
  m_GameObject: {fileID: 175284}
  m_Enabled: 1
  m_CastShadows: 1
  m_ReceiveShadows: 1
  m_Materials:
  - {fileID: 2100000, guid: 5d0177004210d9040b71a5653a2af7cc, type: 2}
  m_SubsetIndices: 
  m_StaticBatchRoot: {fileID: 0}
  m_UseLightProbes: 1
  m_ReflectionProbeUsage: 1
  m_ProbeAnchor: {fileID: 0}
  m_ScaleInLightmap: 1
  m_PreserveUVs: 0
  m_ImportantGI: 0
  m_AutoUVMaxDistance: .5
  m_AutoUVMaxAngle: 89
  m_LightmapParameters: {fileID: 0}
  m_SortingLayerID: 0
  m_SortingOrder: 0
  m_RenderMode: 0
  m_MaxParticleSize: .5
  m_CameraVelocityScale: 0
  m_VelocityScale: 0
  m_LengthScale: 2
  m_SortingFudge: 0
  m_NormalDirection: 1
  m_SortMode: 0
  m_Mesh: {fileID: 0}
  m_Mesh1: {fileID: 0}
  m_Mesh2: {fileID: 0}
  m_Mesh3: {fileID: 0}
--- !u!199 &19961816
ParticleSystemRenderer:
  m_ObjectHideFlags: 1
  m_PrefabParentObject: {fileID: 0}
  m_PrefabInternal: {fileID: 100100000}
  m_GameObject: {fileID: 146982}
  m_Enabled: 1
  m_CastShadows: 1
  m_ReceiveShadows: 1
  m_Materials:
  - {fileID: 2100000, guid: 6cf4a6735227f4e439f1dbe1f874ff1b, type: 2}
  m_SubsetIndices: 
  m_StaticBatchRoot: {fileID: 0}
  m_UseLightProbes: 1
  m_ReflectionProbeUsage: 1
  m_ProbeAnchor: {fileID: 0}
  m_ScaleInLightmap: 1
  m_PreserveUVs: 0
  m_ImportantGI: 0
  m_AutoUVMaxDistance: .5
  m_AutoUVMaxAngle: 89
  m_LightmapParameters: {fileID: 0}
  m_SortingLayerID: 0
  m_SortingOrder: 0
  m_RenderMode: 0
  m_MaxParticleSize: .5
  m_CameraVelocityScale: 0
  m_VelocityScale: 0
  m_LengthScale: 2
  m_SortingFudge: 0
  m_NormalDirection: 1
  m_SortMode: 0
  m_Mesh: {fileID: 0}
  m_Mesh1: {fileID: 0}
  m_Mesh2: {fileID: 0}
  m_Mesh3: {fileID: 0}
--- !u!1001 &100100000
Prefab:
  m_ObjectHideFlags: 1
  serializedVersion: 2
  m_Modification:
    m_TransformParent: {fileID: 0}
    m_Modifications: []
    m_RemovedComponents: []
  m_ParentPrefab: {fileID: 0}
  m_RootGameObject: {fileID: 148460}
  m_IsPrefabParent: 1
